<?xml version="1.0" encoding="UTF-8"?>
<!DOCTYPE html PUBLIC "-//W3C//DTD XHTML 1.0 Transitional//EN"
    "http://www.w3.org/TR/xhtml1/DTD/xhtml1-transitional.dtd">
<html xmlns="http://www.w3.org/1999/xhtml" xml:lang="en" lang="en">
 <head>
  <title>
</title>
<meta http-equiv="Content-Type" content="text/html;charset=utf-8" />
  <meta name='ocr-system' content='tesseract 3.04.00' />
  <meta name='ocr-capabilities' content='ocr_page ocr_carea ocr_par ocr_line ocrx_word'/>
</head>
<body>
  <div class='ocr_page' id='page_1' title='image "./vespaecumproleg00richgoog_0155.png"; bbox 0 0 4484 5467; ppageno 0'>
   <div class='ocr_carea' id='block_1_1' title="bbox 623 612 1699 702">
    <p class='ocr_par' dir='ltr' id='par_1_1' title="bbox 623 612 1699 702">
     <span class='ocr_line' id='line_1_1' title="bbox 623 612 1699 702; baseline 0.003 -15"><span class='ocrx_word' id='word_1_1' title='bbox 623 634 668 687; x_wconf 89' lang='lat' dir='ltr'><strong>nn</strong></span> <span class='ocrx_word' id='word_1_2' title='bbox 685 634 857 690; x_wconf 69' lang='lat' dir='ltr'><strong>onicinus</strong></span> <span class='ocrx_word' id='word_1_3' title='bbox 875 622 1134 688; x_wconf 75' lang='lat' dir='ltr'><strong>nunnunuarvu</strong></span> <span class='ocrx_word' id='word_1_4' title='bbox 1151 624 1332 702; x_wconf 75' lang='lat' dir='ltr'><strong>nunusovr&#39;</strong></span> <span class='ocrx_word' id='word_1_5' title='bbox 1350 612 1578 689; x_wconf 78' lang='lat' dir='ltr'><strong>norcurrnvs</strong></span> <span class='ocrx_word' id='word_1_6' title='bbox 1642 636 1699 700; x_wconf 87' lang='lat'><strong>141</strong></span> 
     </span>
    </p>
   </div>
   <div class='ocr_carea' id='block_1_2' title="bbox 535 795 1709 3582">
    <p class='ocr_par' dir='ltr' id='par_1_2' title="bbox 535 795 1709 3582">
     <span class='ocr_line' id='line_1_2' title="bbox 535 795 1702 894; baseline 0 -22"><span class='ocrx_word' id='word_1_7' title='bbox 535 802 649 872; x_wconf 82' lang='lat' dir='ltr'><strong>autern</strong></span> <span class='ocrx_word' id='word_1_8' title='bbox 670 811 745 871; x_wconf 90' lang='lat' dir='ltr'><strong>sunt</strong></span> <span class='ocrx_word' id='word_1_9' title='bbox 760 808 787 871; x_wconf 82' lang='lat' dir='ltr'><strong>ot</strong></span> <span class='ocrx_word' id='word_1_10' title='bbox 811 809 1054 894; x_wconf 77' lang='grc' dir='ltr'>δωροδοκοῦντες</span> <span class='ocrx_word' id='word_1_11' title='bbox 1070 808 1146 871; x_wconf 85' lang='grc' dir='ltr'>κατὰ</span> <span class='ocrx_word' id='word_1_12' title='bbox 1168 806 1192 870; x_wconf 80' lang='grc' dir='ltr'><strong>ι’</strong></span> <span class='ocrx_word' id='word_1_13' title='bbox 1215 795 1395 894; x_wconf 74' lang='grc' dir='ltr'>γιγνόμενα.</span> <span class='ocrx_word' id='word_1_14' title='bbox 1432 807 1702 893; x_wconf 88' lang='lat' dir='ltr'><strong>Harpocrationam</strong></span> 
     </span>
     <span class='ocr_line' id='line_1_3' title="bbox 538 909 1703 1005; baseline -0.001 -20"><span class='ocrx_word' id='word_1_15' title='bbox 538 922 735 993; x_wconf 76' lang='grc' dir='ltr'>συνδεκάζειν</span> <span class='ocrx_word' id='word_1_16' title='bbox 758 917 849 982; x_wconf 88' lang='lat' dir='ltr'><strong>verbo</strong></span> <span class='ocrx_word' id='word_1_17' title='bbox 871 923 907 982; x_wconf 87' lang='lat' dir='ltr'><strong>ut</strong></span> <span class='ocrx_word' id='word_1_18' title='bbox 929 921 1112 1005; x_wconf 81' lang='grc' dir='ltr'>δωροδοκεῖν</span> <span class='ocrx_word' id='word_1_19' title='bbox 1142 940 1232 982; x_wconf 87' lang='lat' dir='ltr'><strong>sensu</strong></span> <span class='ocrx_word' id='word_1_20' title='bbox 1255 909 1452 984; x_wconf 74' lang='lat' dir='ltr'><strong>intransitive</strong></span> <span class='ocrx_word' id='word_1_21' title='bbox 1473 922 1631 1005; x_wconf 86' lang='lat' dir='ltr'><strong>formaque</strong></span> <span class='ocrx_word' id='word_1_22' title='bbox 1652 941 1703 984; x_wconf 89' lang='lat' dir='ltr'><strong>ao-</strong></span> 
     </span>
     <span class='ocr_line' id='line_1_4' title="bbox 537 1025 1704 1114; baseline 0 -18"><span class='ocrx_word' id='word_1_23' title='bbox 537 1031 613 1096; x_wconf 84' lang='lat' dir='ltr'><strong>tiva</strong></span> <span class='ocrx_word' id='word_1_24' title='bbox 633 1031 727 1097; x_wconf 81' lang='lat' dir='ltr'><strong>usum</strong></span> <span class='ocrx_word' id='word_1_25' title='bbox 749 1025 814 1095; x_wconf 85' lang='lat' dir='ltr'><strong>esse</strong></span> <span class='ocrx_word' id='word_1_26' title='bbox 836 1029 932 1108; x_wconf 83' lang='lat' dir='ltr'><strong>credo,</strong></span> <span class='ocrx_word' id='word_1_27' title='bbox 956 1051 1145 1114; x_wconf 90' lang='lat' dir='ltr'><strong>quamquam</strong></span> <span class='ocrx_word' id='word_1_28' title='bbox 1167 1031 1279 1096; x_wconf 77' lang='lat' dir='ltr'><strong>Suidae</strong></span> <span class='ocrx_word' id='word_1_29' title='bbox 1299 1055 1323 1096; x_wconf 89' lang='lat' dir='ltr'><strong>s.</strong></span> <span class='ocrx_word' id='word_1_30' title='bbox 1339 1053 1368 1096; x_wconf 87' lang='grc' dir='ltr'>ν.</span> <span class='ocrx_word' id='word_1_31' title='bbox 1391 1034 1569 1106; x_wconf 77' lang='grc' dir='ltr'>δεκάζεσθαι</span> <span class='ocrx_word' id='word_1_32' title='bbox 1592 1032 1704 1097; x_wconf 83' lang='lat' dir='ltr'><strong>diserte</strong></span> 
     </span>
     <span class='ocr_line' id='line_1_5' title="bbox 536 1142 1701 1228; baseline -0.001 -20"><span class='ocrx_word' id='word_1_33' title='bbox 536 1142 705 1208; x_wconf 83' lang='lat' dir='ltr'><strong>discernit:</strong></span> <span class='ocrx_word' id='word_1_34' title='bbox 735 1144 913 1216; x_wconf 73' lang='grc' dir='ltr'>δεκάζεσθαι</span> <span class='ocrx_word' id='word_1_35' title='bbox 937 1144 1178 1228; x_wconf 83' lang='grc' dir='ltr'>δωροδοκεῖσθαι</span> <span class='ocrx_word' id='word_1_36' title='bbox 1207 1142 1302 1226; x_wconf 83' lang='lat' dir='ltr'><strong>(quod</strong></span> <span class='ocrx_word' id='word_1_37' title='bbox 1324 1143 1542 1208; x_wconf 81' lang='lat' dir='ltr'><strong>Graeculorum</strong></span> <span class='ocrx_word' id='word_1_38' title='bbox 1563 1144 1633 1227; x_wconf 82' lang='lat' dir='ltr'><strong>est),</strong></span> <span class='ocrx_word' id='word_1_39' title='bbox 1657 1147 1701 1208; x_wconf 92' lang='grc' dir='ltr'><strong>δε-</strong></span> 
     </span>
     <span class='ocr_line' id='line_1_6' title="bbox 537 1254 1703 1341; baseline -0.003 -20"><span class='ocrx_word' id='word_1_40' title='bbox 537 1258 644 1330; x_wconf 79' lang='grc' dir='ltr'>κάζειν</span> <span class='ocrx_word' id='word_1_41' title='bbox 666 1255 848 1341; x_wconf 78' lang='grc' dir='ltr'>διαφθείρειν</span> <span class='ocrx_word' id='word_1_42' title='bbox 870 1256 1024 1341; x_wconf 81' lang='grc' dir='ltr'>χρήμασιν</span> <span class='ocrx_word' id='word_1_43' title='bbox 1047 1256 1066 1339; x_wconf 78' lang='grc' dir='ltr'>ἢ</span> <span class='ocrx_word' id='word_1_44' title='bbox 1089 1257 1207 1341; x_wconf 81' lang='grc' dir='ltr'>δώροις.</span> <span class='ocrx_word' id='word_1_45' title='bbox 1252 1255 1325 1318; x_wconf 89' lang='lat' dir='ltr'><strong>Plus</strong></span> <span class='ocrx_word' id='word_1_46' title='bbox 1348 1255 1432 1319; x_wconf 88' lang='lat' dir='ltr'><strong>enirn</strong></span> <span class='ocrx_word' id='word_1_47' title='bbox 1454 1254 1536 1319; x_wconf 88' lang='lat' dir='ltr'><strong>valet</strong></span> <span class='ocrx_word' id='word_1_48' title='bbox 1557 1255 1703 1320; x_wconf 85' lang='lat' dir='ltr'><strong>Isocrates</strong></span> 
     </span>
     <span class='ocr_line' id='line_1_7' title="bbox 538 1365 1703 1452; baseline -0.001 -21"><span class='ocrx_word' id='word_1_49' title='bbox 538 1367 562 1432; x_wconf 88' lang='lat' dir='ltr'><strong>l.</strong></span> <span class='ocrx_word' id='word_1_50' title='bbox 588 1365 610 1430; x_wconf 88' lang='lat' dir='ltr'><strong>l.</strong></span> <span class='ocrx_word' id='word_1_51' title='bbox 632 1366 669 1452; x_wconf 84' lang='grc' dir='ltr'>ἥν</span> <span class='ocrx_word' id='word_1_52' title='bbox 692 1390 736 1437; x_wconf 85' lang='grc' dir='ltr'><strong>τις</strong></span> <span class='ocrx_word' id='word_1_53' title='bbox 758 1368 825 1451; x_wconf 77' lang='grc' dir='ltr'><strong>ἁλῷ</strong></span> <span class='ocrx_word' id='word_1_54' title='bbox 847 1366 1000 1444; x_wconf 78' lang='grc' dir='ltr'>δεκάζων,</span> <span class='ocrx_word' id='word_1_55' title='bbox 1029 1371 1060 1429; x_wconf 84' lang='lat' dir='ltr'><strong>et</strong></span> <span class='ocrx_word' id='word_1_56' title='bbox 1082 1365 1194 1431; x_wconf 85' lang='lat' dir='ltr'><strong>diserte</strong></span> <span class='ocrx_word' id='word_1_57' title='bbox 1216 1366 1413 1449; x_wconf 83' lang='lat' dir='ltr'><strong>Etymologus</strong></span> <span class='ocrx_word' id='word_1_58' title='bbox 1435 1367 1457 1430; x_wconf 85' lang='lat' dir='ltr'><strong>l.</strong></span> <span class='ocrx_word' id='word_1_59' title='bbox 1479 1368 1500 1431; x_wconf 86' lang='lat' dir='ltr'><strong>l.</strong></span> <span class='ocrx_word' id='word_1_60' title='bbox 1523 1367 1703 1432; x_wconf 76' lang='grc' dir='ltr'>δεκάσαι·ἱῐι</span> 
     </span>
     <span class='ocr_line' id='line_1_8' title="bbox 539 1464 1702 1568; baseline 0.001 -25"><span class='ocrx_word' id='word_1_61' title='bbox 539 1482 665 1565; x_wconf 82' lang='lat' dir='ltr'><strong>purtem</strong></span> <span class='ocrx_word' id='word_1_62' title='bbox 687 1481 851 1560; x_wconf 76' lang='lat' dir='ltr'><strong>utramque</strong></span> <span class='ocrx_word' id='word_1_63' title='bbox 866 1478 1006 1563; x_wconf 77' lang='lat' dir='ltr'><strong>explieat,</strong></span> <span class='ocrx_word' id='word_1_64' title='bbox 1029 1483 1066 1542; x_wconf 84' lang='lat' dir='ltr'><strong>ut</strong></span> <span class='ocrx_word' id='word_1_65' title='bbox 1088 1483 1118 1541; x_wconf 80' lang='lat' dir='ltr'><strong>et</strong></span> <span class='ocrx_word' id='word_1_66' title='bbox 1141 1479 1321 1565; x_wconf 77' lang='grc' dir='ltr'>διαφθείρειν</span> <span class='ocrx_word' id='word_1_67' title='bbox 1345 1481 1454 1565; x_wconf 79' lang='grc' dir='ltr'>δώροις</span> <span class='ocrx_word' id='word_1_68' title='bbox 1474 1479 1515 1544; x_wconf 82' lang='lat' dir='ltr'><strong>sic</strong></span> <span class='ocrx_word' id='word_1_69' title='bbox 1537 1485 1568 1544; x_wconf 84' lang='lat' dir='ltr'><strong>et</strong></span> <span class='ocrx_word' id='word_1_70' title='bbox 1589 1464 1702 1568; x_wconf 72' lang='grc' dir='ltr'>λαμβά-</span> 
     </span>
     <span class='ocr_line' id='line_1_9' title="bbox 540 1575 1706 1676; baseline -0.003 -19"><span class='ocrx_word' id='word_1_71' title='bbox 540 1615 605 1657; x_wconf 89' lang='grc' dir='ltr'>νειν</span> <span class='ocrx_word' id='word_1_72' title='bbox 627 1591 664 1655; x_wconf 79' lang='grc' dir='ltr'><strong>τὰ</strong></span> <span class='ocrx_word' id='word_1_73' title='bbox 686 1593 779 1676; x_wconf 86' lang='grc' dir='ltr'>δῶρα.</span> <span class='ocrx_word' id='word_1_74' title='bbox 802 1588 843 1636; x_wconf 83' lang='grc'><strong>’-</strong></span> <span class='ocrx_word' id='word_1_75' title='bbox 866 1590 932 1654; x_wconf 93' lang='lat' dir='ltr'><strong>Hoc</strong></span> <span class='ocrx_word' id='word_1_76' title='bbox 955 1590 1051 1673; x_wconf 85' lang='lat' dir='ltr'><strong>igitur</strong></span> <span class='ocrx_word' id='word_1_77' title='bbox 1065 1583 1199 1654; x_wconf 79' lang='lat' dir='ltr'>Pollucis</span> <span class='ocrx_word' id='word_1_78' title='bbox 1220 1586 1357 1654; x_wconf 88' lang='lat' dir='ltr'><strong>tribunal</strong></span> <span class='ocrx_word' id='word_1_79' title='bbox 1378 1590 1411 1655; x_wconf 81' lang='grc' dir='ltr'><strong>κδ</strong></span> <span class='ocrx_word' id='word_1_80' title='bbox 1435 1591 1483 1655; x_wconf 79' lang='grc' dir='ltr'><strong>ἐπὶ</strong></span> <span class='ocrx_word' id='word_1_81' title='bbox 1497 1575 1587 1673; x_wconf 66' lang='lat' dir='ltr'><strong>Aule</strong></span> <span class='ocrx_word' id='word_1_82' title='bbox 1609 1612 1706 1675; x_wconf 90' lang='lat' dir='ltr'><strong>quam·</strong></span> 
     </span>
     <span class='ocr_line' id='line_1_10' title="bbox 544 1699 1704 1790; baseline 0 -23"><span class='ocrx_word' id='word_1_83' title='bbox 544 1699 694 1779; x_wconf 77' lang='lat' dir='ltr'><strong>nihileit,</strong></span> <span class='ocrx_word' id='word_1_84' title='bbox 717 1700 860 1765; x_wconf 81' lang='lat' dir='ltr'><strong>Comicus</strong></span> <span class='ocrx_word' id='word_1_85' title='bbox 876 1700 970 1784; x_wconf 68' lang='lat' dir='ltr'><strong>docet,</strong></span> <span class='ocrx_word' id='word_1_86' title='bbox 994 1701 1082 1766; x_wconf 91' lang='lat' dir='ltr'><strong>cuius</strong></span> <span class='ocrx_word' id='word_1_87' title='bbox 1105 1705 1302 1790; x_wconf 82' lang='grc' dir='ltr'>φιληλιαατὴς</span> <span class='ocrx_word' id='word_1_88' title='bbox 1324 1702 1521 1768; x_wconf 81' lang='lat' dir='ltr'><strong>dicasterium</strong></span> <span class='ocrx_word' id='word_1_89' title='bbox 1532 1704 1654 1767; x_wconf 82' lang='lat' dir='ltr'><strong>&#39;iustum</strong></span> <span class='ocrx_word' id='word_1_90' title='bbox 1669 1723 1704 1766; x_wconf 85' lang='lat' dir='ltr'><strong>ac</strong></span> 
     </span>
     <span class='ocr_line' id='line_1_11' title="bbox 541 1803 1705 1901; baseline -0.001 -23"><span class='ocrx_word' id='word_1_91' title='bbox 541 1813 720 1898; x_wconf 83' lang='lat' dir='ltr'><strong>legitimum</strong></span> <span class='ocrx_word' id='word_1_92' title='bbox 742 1812 805 1877; x_wconf 87' lang='lat' dir='ltr'><strong>nisi</strong></span> <span class='ocrx_word' id='word_1_93' title='bbox 834 1811 973 1877; x_wconf 85' lang='lat' dir='ltr'><strong>adstante</strong></span> <span class='ocrx_word' id='word_1_94' title='bbox 996 1813 1076 1897; x_wconf 87' lang='lat' dir='ltr'><strong>Lyco</strong></span> <span class='ocrx_word' id='word_1_95' title='bbox 1098 1812 1188 1878; x_wconf 89' lang='lat' dir='ltr'><strong>heroe</strong></span> <span class='ocrx_word' id='word_1_96' title='bbox 1217 1814 1348 1897; x_wconf 86' lang='lat' dir='ltr'><strong>cogitare</strong></span> <span class='ocrx_word' id='word_1_97' title='bbox 1370 1835 1432 1879; x_wconf 94' lang='lat' dir='ltr'><strong>non</strong></span> <span class='ocrx_word' id='word_1_98' title='bbox 1453 1803 1562 1901; x_wconf 88' lang='lat' dir='ltr'><strong>potest.</strong></span> <span class='ocrx_word' id='word_1_99' title='bbox 1605 1815 1705 1892; x_wconf 85' lang='lat' dir='ltr'>Quare</span> 
     </span>
     <span class='ocr_line' id='line_1_12' title="bbox 543 1924 1705 2013; baseline -0.001 -23"><span class='ocrx_word' id='word_1_100' title='bbox 543 1925 629 1991; x_wconf 89' lang='lat' dir='ltr'><strong>hunc</strong></span> <span class='ocrx_word' id='word_1_101' title='bbox 644 1925 737 1990; x_wconf 88' lang='lat' dir='ltr'><strong>etiam</strong></span> <span class='ocrx_word' id='word_1_102' title='bbox 760 1925 899 1990; x_wconf 89' lang='lat' dir='ltr'><strong>vicinum</strong></span> <span class='ocrx_word' id='word_1_103' title='bbox 920 1945 1013 1989; x_wconf 87' lang='lat' dir='ltr'><strong>suum</strong></span> <span class='ocrx_word' id='word_1_104' title='bbox 1035 1924 1170 2010; x_wconf 86' lang='lat' dir='ltr'><strong>appellat</strong></span> <span class='ocrx_word' id='word_1_105' title='bbox 1184 1925 1345 2008; x_wconf 79' lang='lat' dir='ltr'><strong>Philoclen,</strong></span> <span class='ocrx_word' id='word_1_106' title='bbox 1368 1927 1455 1991; x_wconf 87' lang='lat' dir='ltr'><strong>cuius</strong></span> <span class='ocrx_word' id='word_1_107' title='bbox 1477 1947 1565 1991; x_wconf 82' lang='lat' dir='ltr'><strong>mens</strong></span> <span class='ocrx_word' id='word_1_108' title='bbox 1586 1946 1705 2013; x_wconf 86' lang='lat' dir='ltr'><strong>semper</strong></span> 
     </span>
     <span class='ocr_line' id='line_1_13' title="bbox 545 2036 1703 2123; baseline -0.002 -20"><span class='ocrx_word' id='word_1_109' title='bbox 545 2038 630 2103; x_wconf 86' lang='lat' dir='ltr'><strong>circa</strong></span> <span class='ocrx_word' id='word_1_110' title='bbox 651 2037 814 2102; x_wconf 82' lang='lat' dir='ltr'><strong>dicastorio</strong></span> <span class='ocrx_word' id='word_1_111' title='bbox 835 2036 953 2102; x_wconf 84' lang='lat' dir='ltr'><strong>volitat</strong></span> <span class='ocrx_word' id='word_1_112' title='bbox 985 2037 1096 2103; x_wconf 64' lang='lat' dir='ltr'><strong>&#39;Immo</strong></span> <span class='ocrx_word' id='word_1_113' title='bbox 1117 2058 1209 2102; x_wconf 87' lang='lat' dir='ltr'><strong>socna</strong></span> <span class='ocrx_word' id='word_1_114' title='bbox 1229 2038 1275 2102; x_wconf 87' lang='lat' dir='ltr'><strong>ita</strong></span> <span class='ocrx_word' id='word_1_115' title='bbox 1290 2044 1464 2123; x_wconf 87' lang='lat' dir='ltr'><strong>comparata</strong></span> <span class='ocrx_word' id='word_1_116' title='bbox 1484 2040 1607 2103; x_wconf 87' lang='lat' dir='ltr'><strong>videtur</strong></span> <span class='ocrx_word' id='word_1_117' title='bbox 1628 2060 1703 2120; x_wconf 82' lang='lat' dir='ltr'><strong>esse,</strong></span> 
     </span>
     <span class='ocr_line' id='line_1_14' title="bbox 545 2140 1703 2238; baseline -0.003 -23"><span class='ocrx_word' id='word_1_118' title='bbox 545 2157 584 2215; x_wconf 86' lang='lat' dir='ltr'><strong>ut</strong></span> <span class='ocrx_word' id='word_1_119' title='bbox 605 2150 781 2237; x_wconf 85' lang='lat' dir='ltr'><strong>proximum</strong></span> <span class='ocrx_word' id='word_1_120' title='bbox 803 2147 1006 2238; x_wconf 88' lang='lat' dir='ltr'><strong>Philocleonis</strong></span> <span class='ocrx_word' id='word_1_121' title='bbox 1033 2149 1122 2214; x_wconf 86' lang='lat' dir='ltr'><strong>aedes</strong></span> <span class='ocrx_word' id='word_1_122' title='bbox 1150 2155 1181 2214; x_wconf 87' lang='lat' dir='ltr'><strong>et</strong></span> <span class='ocrx_word' id='word_1_123' title='bbox 1202 2149 1329 2215; x_wconf 89' lang='lat' dir='ltr'><strong>cancelli</strong></span> <span class='ocrx_word' id='word_1_124' title='bbox 1356 2156 1552 2215; x_wconf 78' lang='lat' dir='ltr'><strong>cernerentur</strong></span> <span class='ocrx_word' id='word_1_125' title='bbox 1579 2155 1610 2214; x_wconf 89' lang='lat' dir='ltr'><strong>et</strong></span> <span class='ocrx_word' id='word_1_126' title='bbox 1631 2140 1703 2232; x_wconf 90' lang='lat' dir='ltr'><strong>Lyci</strong></span> 
     </span>
     <span class='ocr_line' id='line_1_15' title="bbox 543 2262 1306 2347; baseline -0.001 -20"><span class='ocrx_word' id='word_1_127' title='bbox 543 2262 696 2344; x_wconf 70' lang='lat' dir='ltr'><strong>heroum;&#39;</strong></span> <span class='ocrx_word' id='word_1_128' title='bbox 712 2262 967 2347; x_wconf 86' lang='lat' dir='ltr'><strong>quarevicinum</strong></span> <span class='ocrx_word' id='word_1_129' title='bbox 988 2262 1155 2347; x_wconf 79' lang='lat' dir='ltr'><strong>alloquitur</strong></span> <span class='ocrx_word' id='word_1_130' title='bbox 1176 2283 1206 2327; x_wconf 89' lang='lat' dir='ltr'><strong>v.</strong></span> <span class='ocrx_word' id='word_1_131' title='bbox 1228 2263 1306 2328; x_wconf 80' lang='lat'>391:</span> 
     </span>
     <span class='ocr_line' id='line_1_16' title="bbox 557 2365 1579 2463; baseline -0.002 -23"><span class='ocrx_word' id='word_1_132' title='bbox 557 2378 559 2382; x_wconf 73' lang='grc'><strong>’</strong></span> <span class='ocrx_word' id='word_1_133' title='bbox 633 2372 756 2463; x_wconf 78' lang='grc' dir='ltr'>η’)’κησας</span> <span class='ocrx_word' id='word_1_134' title='bbox 777 2380 851 2460; x_wconf 77' lang='grc' dir='ltr'>γοῦν</span> <span class='ocrx_word' id='word_1_135' title='bbox 874 2376 1011 2462; x_wconf 78' lang='grc' dir='ltr'>ἐπίτηδες</span> <span class='ocrx_word' id='word_1_136' title='bbox 1034 2376 1085 2439; x_wconf 78' lang='grc' dir='ltr'>ἰὼν</span> <span class='ocrx_word' id='word_1_137' title='bbox 1109 2365 1245 2453; x_wconf 80' lang='grc' dir='ltr'>ἐνταῦθ’,</span> <span class='ocrx_word' id='word_1_138' title='bbox 1267 2375 1314 2440; x_wconf 74' lang='grc' dir='ltr'>ἵνα</span> <span class='ocrx_word' id='word_1_139' title='bbox 1335 2374 1420 2438; x_wconf 79' lang='grc' dir='ltr'>τοῦτ’</span> <span class='ocrx_word' id='word_1_140' title='bbox 1446 2377 1579 2462; x_wconf 78' lang='grc' dir='ltr'>ἀκροῷο,</span> 
     </span>
     <span class='ocr_line' id='line_1_17' title="bbox 631 2470 1674 2575; baseline -0.002 -22"><span class='ocrx_word' id='word_1_141' title='bbox 631 2479 830 2575; x_wconf 82' lang='grc' dir='ltr'>κάβουλήθης</span> <span class='ocrx_word' id='word_1_142' title='bbox 848 2486 947 2574; x_wconf 14' lang='grc' dir='ltr'>Αρὸνος</span> <span class='ocrx_word' id='word_1_143' title='bbox 969 2489 1081 2574; x_wconf 71' lang='grc' dir='ltr'>ἡρώων</span> <span class='ocrx_word' id='word_1_144' title='bbox 1104 2488 1186 2574; x_wconf 86' lang='grc' dir='ltr'>παρὰ</span> <span class='ocrx_word' id='word_1_145' title='bbox 1207 2488 1257 2553; x_wconf 84' lang='grc' dir='ltr'>τὸν</span> <span class='ocrx_word' id='word_1_146' title='bbox 1279 2471 1597 2572; x_wconf 76' lang='grc' dir='ltr'>κλάοντακαθῆσθαι,</span> <span class='ocrx_word' id='word_1_147' title='bbox 1631 2470 1648 2529; x_wconf 68' lang='lat' dir='ltr'><em>ss</em></span> <span class='ocrx_word' id='word_1_148' title='bbox 1672 2496 1674 2499; x_wconf 82' lang='lat'>&#39;</span> 
     </span>
     <span class='ocr_line' id='line_1_18' title="bbox 543 2598 1703 2687; baseline 0 -23"><span class='ocrx_word' id='word_1_149' title='bbox 543 2598 697 2664; x_wconf 88' lang='lat' dir='ltr'><strong>nimirum</strong></span> <span class='ocrx_word' id='word_1_150' title='bbox 717 2598 799 2684; x_wconf 87' lang='lat' dir='ltr'><strong>quod</strong></span> <span class='ocrx_word' id='word_1_151' title='bbox 820 2602 986 2687; x_wconf 83' lang='grc' dir='ltr'>κεχάρησαι</span> <span class='ocrx_word' id='word_1_152' title='bbox 1627 2604 1629 2608; x_wconf 71' lang='grc'>’</span> <span class='ocrx_word' id='word_1_153' title='bbox 1701 2608 1703 2611; x_wconf 48' lang='lat'><em>⁴</em></span> 
     </span>
     <span class='ocr_line' id='line_1_19' title="bbox 631 2699 1686 2800; baseline 0.002 -25"><span class='ocrx_word' id='word_1_154' title='bbox 631 2715 696 2781; x_wconf 82' lang='grc' dir='ltr'>τοῖς</span> <span class='ocrx_word' id='word_1_155' title='bbox 719 2713 890 2799; x_wconf 78' lang='grc' dir='ltr'>δακρύοισιν</span> <span class='ocrx_word' id='word_1_156' title='bbox 914 2716 974 2778; x_wconf 83' lang='grc' dir='ltr'>τῶν</span> <span class='ocrx_word' id='word_1_157' title='bbox 998 2712 1172 2799; x_wconf 75' lang='grc' dir='ltr'>φευγόντων</span> <span class='ocrx_word' id='word_1_158' title='bbox 1196 2714 1243 2776; x_wconf 84' lang='grc' dir='ltr'><strong>ἀεὶ</strong></span> <span class='ocrx_word' id='word_1_159' title='bbox 1264 2714 1314 2777; x_wconf 83' lang='grc' dir='ltr'>καὶ</span> <span class='ocrx_word' id='word_1_160' title='bbox 1334 2699 1399 2785; x_wconf 86' lang='grc' dir='ltr'>τοῖς</span> <span class='ocrx_word' id='word_1_161' title='bbox 1421 2712 1618 2800; x_wconf 81' lang='grc' dir='ltr'>ὀλοφυρμοῖς.</span> <span class='ocrx_word' id='word_1_162' title='bbox 1679 2717 1686 2756; x_wconf 77' lang='grc'><strong>’-</strong></span> 
     </span>
     <span class='ocr_line' id='line_1_20' title="bbox 542 2810 1705 2909; baseline 0.001 -21"><span class='ocrx_word' id='word_1_163' title='bbox 542 2822 657 2889; x_wconf 85' lang='lat' dir='ltr'><strong>Verbis</strong></span> <span class='ocrx_word' id='word_1_164' title='bbox 671 2823 761 2889; x_wconf 70' lang='lat' dir='ltr'><strong>&#39;ludit</strong></span> <span class='ocrx_word' id='word_1_165' title='bbox 782 2845 890 2907; x_wconf 83' lang='lat' dir='ltr'><strong>senex,</strong></span> <span class='ocrx_word' id='word_1_166' title='bbox 914 2824 984 2909; x_wconf 83' lang='lat' dir='ltr'><strong>qui,</strong></span> <span class='ocrx_word' id='word_1_167' title='bbox 1007 2816 1104 2909; x_wconf 85' lang='lat' dir='ltr'><strong>quum</strong></span> <span class='ocrx_word' id='word_1_168' title='bbox 1125 2824 1191 2909; x_wconf 86' lang='lat' dir='ltr'><strong>ipse</strong></span> <span class='ocrx_word' id='word_1_169' title='bbox 1213 2830 1244 2887; x_wconf 81' lang='lat' dir='ltr'><strong>et</strong></span> <span class='ocrx_word' id='word_1_170' title='bbox 1264 2810 1352 2888; x_wconf 88' lang='lat' dir='ltr'><strong>heros</strong></span> <span class='ocrx_word' id='word_1_171' title='bbox 1373 2817 1496 2889; x_wconf 89' lang='lat' dir='ltr'><strong>reorum</strong></span> <span class='ocrx_word' id='word_1_172' title='bbox 1516 2824 1652 2890; x_wconf 86' lang='lat' dir='ltr'><strong>lacrimis</strong></span> <span class='ocrx_word' id='word_1_173' title='bbox 1674 2829 1705 2889; x_wconf 89' lang='lat' dir='ltr'><strong>et</strong></span> 
     </span>
     <span class='ocr_line' id='line_1_21' title="bbox 541 2935 1707 3018; baseline 0 -17"><span class='ocrx_word' id='word_1_174' title='bbox 541 2935 673 3001; x_wconf 84' lang='lat' dir='ltr'><strong>miseria</strong></span> <span class='ocrx_word' id='word_1_175' title='bbox 694 2935 897 3016; x_wconf 74' lang='lat' dir='ltr'><strong>delectentur,</strong></span> <span class='ocrx_word' id='word_1_176' title='bbox 920 2936 1118 3002; x_wconf 88' lang='lat' dir='ltr'><strong>nuncdeum</strong></span> <span class='ocrx_word' id='word_1_177' title='bbox 1140 2941 1222 3018; x_wconf 83' lang='lat' dir='ltr'><strong>orat,</strong></span> <span class='ocrx_word' id='word_1_178' title='bbox 1234 2945 1237 2950; x_wconf 84' lang='lat'>&#39;</span> <span class='ocrx_word' id='word_1_179' title='bbox 1249 2941 1286 3000; x_wconf 92' lang='lat' dir='ltr'><strong>ut</strong></span> <span class='ocrx_word' id='word_1_180' title='bbox 1307 2956 1379 3000; x_wconf 89' lang='lat' dir='ltr'><strong>eum</strong></span> <span class='ocrx_word' id='word_1_181' title='bbox 1399 2936 1450 3000; x_wconf 85' lang='lat' dir='ltr'><strong>sui</strong></span> <span class='ocrx_word' id='word_1_182' title='bbox 1470 2936 1617 3001; x_wconf 75' lang='lat' dir='ltr'><strong>misereat·</strong></span> <span class='ocrx_word' id='word_1_183' title='bbox 1634 2943 1707 3018; x_wconf 51' lang='lat' dir='ltr'><strong>tanr-</strong></span> 
     </span>
     <span class='ocr_line' id='line_1_22' title="bbox 542 3045 1705 3133; baseline 0 -20"><span class='ocrx_word' id='word_1_184' title='bbox 542 3068 643 3133; x_wconf 90' lang='lat' dir='ltr'><strong>quam</strong></span> <span class='ocrx_word' id='word_1_185' title='bbox 662 3048 710 3112; x_wconf 80' lang='lat' dir='ltr'><strong>rai</strong></span> <span class='ocrx_word' id='word_1_186' title='bbox 731 3048 939 3114; x_wconf 82' lang='lat' dir='ltr'><strong>ct&#39;damnati.</strong></span> <span class='ocrx_word' id='word_1_187' title='bbox 962 3087 1003 3098; x_wconf 91' lang='lat'>-</span> <span class='ocrx_word' id='word_1_188' title='bbox 1026 3049 1153 3113; x_wconf 77' lang='lat' dir='ltr'><strong>eertum</strong></span> <span class='ocrx_word' id='word_1_189' title='bbox 1179 3047 1276 3131; x_wconf 89' lang='lat' dir='ltr'><strong>igitur</strong></span> <span class='ocrx_word' id='word_1_190' title='bbox 1303 3045 1458 3132; x_wconf 84' lang='lat' dir='ltr'><strong>quoddam</strong></span> <span class='ocrx_word' id='word_1_191' title='bbox 1484 3047 1611 3113; x_wconf 90' lang='lat' dir='ltr'><strong>heroum</strong></span> <span class='ocrx_word' id='word_1_192' title='bbox 1632 3048 1705 3132; x_wconf 81' lang='lat' dir='ltr'><strong>Lyci</strong></span> 
     </span>
     <span class='ocr_line' id='line_1_23' title="bbox 540 3147 1709 3246; baseline 0 -22"><span class='ocrx_word' id='word_1_193' title='bbox 540 3166 728 3245; x_wconf 80' lang='lat' dir='ltr'><strong>certumque</strong></span> <span class='ocrx_word' id='word_1_194' title='bbox 749 3160 886 3226; x_wconf 88' lang='lat' dir='ltr'><strong>tribunal</strong></span> <span class='ocrx_word' id='word_1_195' title='bbox 908 3161 963 3246; x_wconf 91' lang='lat' dir='ltr'><strong>qui</strong></span> <span class='ocrx_word' id='word_1_196' title='bbox 986 3160 1100 3226; x_wconf 83' lang='lat' dir='ltr'><strong>Comici</strong></span> <span class='ocrx_word' id='word_1_197' title='bbox 1122 3159 1224 3224; x_wconf 87' lang='lat' dir='ltr'><strong>verbis</strong></span> <span class='ocrx_word' id='word_1_198' title='bbox 1246 3158 1426 3241; x_wconf 77' lang='lat' dir='ltr'><strong>inculcavit,</strong></span> <span class='ocrx_word' id='word_1_199' title='bbox 1455 3156 1603 3222; x_wconf 83' lang='lat' dir='ltr'><strong>iniuriam</strong></span> <span class='ocrx_word' id='word_1_200' title='bbox 1624 3147 1709 3224; x_wconf 62' lang='lat' dir='ltr'><strong>lecit:</strong></span> 
     </span>
     <span class='ocr_line' id='line_1_24' title="bbox 541 3255 1704 3358; baseline -0.005 -19"><span class='ocrx_word' id='word_1_201' title='bbox 541 3276 589 3339; x_wconf 86' lang='lat' dir='ltr'><strong>At</strong></span> <span class='ocrx_word' id='word_1_202' title='bbox 611 3275 758 3356; x_wconf 84' lang='lat' dir='ltr'><strong>formam,</strong></span> <span class='ocrx_word' id='word_1_203' title='bbox 788 3272 889 3358; x_wconf 88' lang='lat' dir='ltr'><strong>qualis</strong></span> <span class='ocrx_word' id='word_1_204' title='bbox 911 3265 1141 3355; x_wconf 71' lang='lat' dir='ltr'><strong>fuerithercie,</strong></span> <span class='ocrx_word' id='word_1_205' title='bbox 1171 3264 1287 3336; x_wconf 81' lang='lat' dir='ltr'><strong>Cornici</strong></span> <span class='ocrx_word' id='word_1_206' title='bbox 1315 3272 1408 3336; x_wconf 86' lang='lat' dir='ltr'><strong>verba</strong></span> <span class='ocrx_word' id='word_1_207' title='bbox 1435 3270 1540 3336; x_wconf 88' lang='lat' dir='ltr'><strong>docere</strong></span> <span class='ocrx_word' id='word_1_208' title='bbox 1556 3255 1704 3356; x_wconf 75' lang='lat' dir='ltr'><strong>possunt.</strong></span> 
     </span>
     <span class='ocr_line' id='line_1_25' title="bbox 540 3375 1705 3472; baseline -0.004 -21"><span class='ocrx_word' id='word_1_209' title='bbox 540 3384 703 3451; x_wconf 86' lang='lat' dir='ltr'><strong>Philocloo</strong></span> <span class='ocrx_word' id='word_1_210' title='bbox 725 3378 809 3450; x_wconf 86' lang='lat' dir='ltr'><strong>enim</strong></span> <span class='ocrx_word' id='word_1_211' title='bbox 825 3378 921 3470; x_wconf 83' lang='lat' dir='ltr'><strong>haec,</strong></span> <span class='ocrx_word' id='word_1_212' title='bbox 944 3387 1107 3472; x_wconf 85' lang='lat' dir='ltr'><strong>postquam</strong></span> <span class='ocrx_word' id='word_1_213' title='bbox 1129 3385 1253 3452; x_wconf 88' lang='lat' dir='ltr'><strong>heroem</strong></span> <span class='ocrx_word' id='word_1_214' title='bbox 1273 3375 1428 3467; x_wconf 82' lang='lat' dir='ltr'><strong>vicinum,</strong></span> <span class='ocrx_word' id='word_1_215' title='bbox 1457 3391 1493 3449; x_wconf 88' lang='lat' dir='ltr'><strong>ut</strong></span> <span class='ocrx_word' id='word_1_216' title='bbox 1513 3382 1574 3449; x_wconf 83' lang='lat' dir='ltr'><strong>sibi</strong></span> <span class='ocrx_word' id='word_1_217' title='bbox 1594 3382 1705 3449; x_wconf 86' lang='lat' dir='ltr'><strong>subve-</strong></span> 
     </span>
     <span class='ocr_line' id='line_1_26' title="bbox 538 3497 773 3582; baseline -0.004 -19"><span class='ocrx_word' id='word_1_218' title='bbox 538 3500 637 3582; x_wconf 72' lang='lat' dir='ltr'><strong>niret,</strong></span> <span class='ocrx_word' id='word_1_219' title='bbox 660 3497 773 3566; x_wconf 85' lang='lat' dir='ltr'><strong>oravit:</strong></span> 
     </span>
    </p>
   </div>
   <div class='ocr_carea' id='block_1_3' title="bbox 547 3577 1798 3705">
    <p class='ocr_par' dir='ltr' id='par_1_3' title="bbox 547 3577 1798 3705">
     <span class='ocr_line' id='line_1_27' title="bbox 547 3577 1798 3705; baseline -0.003 -28"><span class='ocrx_word' id='word_1_220' title='bbox 547 3695 550 3697; x_wconf 11' lang='lat' dir='ltr'><strong>q</strong></span> <span class='ocrx_word' id='word_1_221' title='bbox 587 3611 646 3677; x_wconf 82' lang='grc' dir='ltr'><strong>κού</strong></span> <span class='ocrx_word' id='word_1_222' title='bbox 672 3615 713 3699; x_wconf 82' lang='grc' dir='ltr'><strong>μή</strong></span> <span class='ocrx_word' id='word_1_223' title='bbox 737 3611 890 3677; x_wconf 82' lang='grc' dir='ltr'>πυτέσου</span> <span class='ocrx_word' id='word_1_224' title='bbox 906 3612 987 3699; x_wconf 81' lang='grc' dir='ltr'>παρὰ</span> <span class='ocrx_word' id='word_1_225' title='bbox 1008 3577 1192 3682; x_wconf 14' lang='grc' dir='ltr'>τὰς-κάννας</span> <span class='ocrx_word' id='word_1_226' title='bbox 1214 3610 1340 3705; x_wconf 79' lang='grc' dir='ltr'>οὐρήσω</span> <span class='ocrx_word' id='word_1_227' title='bbox 1358 3607 1429 3696; x_wconf 84' lang='grc' dir='ltr'>μηδ’</span> <span class='ocrx_word' id='word_1_228' title='bbox 1454 3593 1674 3698; x_wconf 53' lang='grc' dir='ltr'>ἀποπάρδωῦῥ</span> <span class='ocrx_word' id='word_1_229' title='bbox 1709 3627 1719 3675; x_wconf 85' lang='grc'><strong>,·</strong></span> <span class='ocrx_word' id='word_1_230' title='bbox 1795 3645 1798 3650; x_wconf 91' lang='grc'>-</span> 
     </span>
    </p>
   </div>
   <div class='ocr_carea' id='block_1_4' title="bbox 557 3790 753 3805">
    <p class='ocr_par' dir='ltr' id='par_1_4' title="bbox 557 3790 753 3805">
     <span class='ocr_line' id='line_1_28' title="bbox 557 3790 753 3805; baseline -0.02 0"><span class='ocrx_word' id='word_1_231' title='bbox 557 3790 753 3805; x_wconf 50' lang='grc' dir='ltr'><strong>μ</strong></span> 
     </span>
    </p>
   </div>
   <div class='ocr_carea' id='block_1_5' title="bbox 541 3869 1714 4724">
    <p class='ocr_par' dir='ltr' id='par_1_5' title="bbox 541 3869 1714 4724">
     <span class='ocr_line' id='line_1_29' title="bbox 617 3869 1707 3943; baseline -0.002 -18"><span class='ocrx_word' id='word_1_232' title='bbox 617 3872 640 3938; x_wconf 83' lang='lat'><strong>*)</strong></span> <span class='ocrx_word' id='word_1_233' title='bbox 663 3873 744 3939; x_wconf 86' lang='lat' dir='ltr'><strong>Quem</strong></span> <span class='ocrx_word' id='word_1_234' title='bbox 765 3886 879 3935; x_wconf 78' lang='lat' dir='ltr'><strong>versum,</strong></span> <span class='ocrx_word' id='word_1_235' title='bbox 906 3873 935 3923; x_wconf 92' lang='lat' dir='ltr'><strong>ut</strong></span> <span class='ocrx_word' id='word_1_236' title='bbox 954 3869 1003 3923; x_wconf 88' lang='lat' dir='ltr'><strong>hoe</strong></span> <span class='ocrx_word' id='word_1_237' title='bbox 1025 3869 1107 3924; x_wconf 90' lang='lat' dir='ltr'><strong>obiter</strong></span> <span class='ocrx_word' id='word_1_238' title='bbox 1129 3881 1258 3934; x_wconf 86' lang='lat' dir='ltr'><strong>moneam,</strong></span> <span class='ocrx_word' id='word_1_239' title='bbox 1279 3869 1349 3921; x_wconf 79' lang='lat' dir='ltr'><strong>varie</strong></span> <span class='ocrx_word' id='word_1_240' title='bbox 1370 3871 1532 3923; x_wconf 79' lang='lat' dir='ltr'><strong>tentaverunt</strong></span> <span class='ocrx_word' id='word_1_241' title='bbox 1551 3870 1707 3943; x_wconf 79' lang='lat' dir='ltr'><strong>Batavorum</strong></span> 
     </span>
     <span class='ocr_line' id='line_1_30' title="bbox 543 3953 1707 4025; baseline -0.005 -11"><span class='ocrx_word' id='word_1_242' title='bbox 543 3960 676 4025; x_wconf 88' lang='lat' dir='ltr'><strong>nonnulli,</strong></span> <span class='ocrx_word' id='word_1_243' title='bbox 689 3958 857 4012; x_wconf 62' lang='lat' dir='ltr'><strong>‘utGobetus</strong></span> <span class='ocrx_word' id='word_1_244' title='bbox 879 3960 905 4010; x_wconf 89' lang='lat' dir='ltr'><strong>et</strong></span> <span class='ocrx_word' id='word_1_245' title='bbox 922 3956 1063 4021; x_wconf 57' lang='lat' dir='ltr'><strong>Hodierna</strong></span> <span class='ocrx_word' id='word_1_246' title='bbox 1086 3970 1193 4023; x_wconf 89' lang='lat' dir='ltr'><strong>quorum</strong></span> <span class='ocrx_word' id='word_1_247' title='bbox 1210 3954 1263 4021; x_wconf 86' lang='lat' dir='ltr'><strong>hie,</strong></span> <span class='ocrx_word' id='word_1_248' title='bbox 1286 3968 1337 4008; x_wconf 89' lang='lat' dir='ltr'><strong>non</strong></span> <span class='ocrx_word' id='word_1_249' title='bbox 1354 3970 1430 4023; x_wconf 86' lang='lat' dir='ltr'><strong>posse</strong></span> <span class='ocrx_word' id='word_1_250' title='bbox 1446 3955 1553 4009; x_wconf 81' lang='lat' dir='ltr'><strong>sormam</strong></span> <span class='ocrx_word' id='word_1_251' title='bbox 1570 3956 1649 4009; x_wconf 83' lang='lat' dir='ltr'><strong>futuri</strong></span> <span class='ocrx_word' id='word_1_252' title='bbox 1665 3953 1707 4008; x_wconf 81' lang='grc' dir='ltr'><strong>οδ·</strong></span> 
     </span>
     <span class='ocr_line' id='line_1_31' title="bbox 542 4039 1710 4122; baseline -0.006 -22"><span class='ocrx_word' id='word_1_253' title='bbox 542 4050 619 4122; x_wconf 79' lang='grc' dir='ltr'>ρηαω</span> <span class='ocrx_word' id='word_1_254' title='bbox 637 4046 698 4099; x_wconf 82' lang='lat' dir='ltr'><strong>ferri</strong></span> <span class='ocrx_word' id='word_1_255' title='bbox 715 4059 762 4099; x_wconf 82' lang='lat' dir='ltr'><strong>suo</strong></span> <span class='ocrx_word' id='word_1_256' title='bbox 778 4046 835 4099; x_wconf 87' lang='lat' dir='ltr'><strong>iuro</strong></span> <span class='ocrx_word' id='word_1_257' title='bbox 847 4044 1010 4109; x_wconf 78' lang='lat' dir='ltr'><strong>existimans,</strong></span> <span class='ocrx_word' id='word_1_258' title='bbox 1029 4042 1149 4095; x_wconf 85' lang='lat' dir='ltr'><strong>coniecit:</strong></span> <span class='ocrx_word' id='word_1_259' title='bbox 1167 4040 1307 4114; x_wconf 76' lang='grc' dir='ltr'>οδρηαυμαι</span> <span class='ocrx_word' id='word_1_260' title='bbox 1324 4039 1376 4094; x_wconf 69' lang='grc' dir='ltr'>οὐδ’</span> <span class='ocrx_word' id='word_1_261' title='bbox 1397 4041 1547 4113; x_wconf 84' lang='grc' dir='ltr'>ἀπυπάρδωι</span> <span class='ocrx_word' id='word_1_262' title='bbox 1565 4046 1641 4111; x_wconf 84' lang='lat' dir='ltr'><strong>atquc</strong></span> <span class='ocrx_word' id='word_1_263' title='bbox 1658 4040 1710 4094; x_wconf 86' lang='lat' dir='ltr'><strong>alio</strong></span> 
     </span>
     <span class='ocr_line' id='line_1_32' title="bbox 541 4126 1703 4198; baseline -0.009 -10"><span class='ocrx_word' id='word_1_264' title='bbox 541 4136 609 4190; x_wconf 85' lang='lat' dir='ltr'><strong>vitio</strong></span> <span class='ocrx_word' id='word_1_265' title='bbox 631 4129 700 4186; x_wconf 85' lang='lat' dir='ltr'><strong>aliud</strong></span> <span class='ocrx_word' id='word_1_266' title='bbox 721 4132 810 4198; x_wconf 88' lang='lat' dir='ltr'><strong>tollere</strong></span> <span class='ocrx_word' id='word_1_267' title='bbox 833 4133 939 4183; x_wconf 83' lang='lat' dir='ltr'><strong>conatus</strong></span> <span class='ocrx_word' id='word_1_268' title='bbox 958 4132 1004 4183; x_wconf 88' lang='lat' dir='ltr'><strong>est.</strong></span> <span class='ocrx_word' id='word_1_269' title='bbox 1041 4127 1130 4197; x_wconf 89' lang='lat' dir='ltr'><strong>Neque</strong></span> <span class='ocrx_word' id='word_1_270' title='bbox 1152 4129 1232 4193; x_wconf 83' lang='lat' dir='ltr'><strong>onim,</strong></span> <span class='ocrx_word' id='word_1_271' title='bbox 1254 4128 1314 4181; x_wconf 89' lang='lat' dir='ltr'><strong>licet</strong></span> <span class='ocrx_word' id='word_1_272' title='bbox 1331 4128 1396 4181; x_wconf 91' lang='lat' dir='ltr'><strong>bene</strong></span> <span class='ocrx_word' id='word_1_273' title='bbox 1414 4127 1512 4181; x_wconf 84' lang='lat' dir='ltr'><strong>Graeca</strong></span> <span class='ocrx_word' id='word_1_274' title='bbox 1535 4128 1630 4195; x_wconf 84' lang='lat' dir='ltr'><strong>sopiat,</strong></span> <span class='ocrx_word' id='word_1_275' title='bbox 1644 4126 1703 4193; x_wconf 62' lang='grc' dir='ltr'><strong>Δ,αδδ</strong></span> 
     </span>
     <span class='ocr_line' id='line_1_33' title="bbox 542 4205 1707 4294; baseline -0.008 -21"><span class='ocrx_word' id='word_1_276' title='bbox 542 4218 686 4292; x_wconf 79' lang='grc' dir='ltr'>ἀποπάρδω</span> <span class='ocrx_word' id='word_1_277' title='bbox 699 4220 772 4282; x_wconf 78' lang='lat' dir='ltr'><strong>¹sciet</strong></span> <span class='ocrx_word' id='word_1_278' title='bbox 795 4232 853 4270; x_wconf 90' lang='lat' dir='ltr'><strong>cum</strong></span> <span class='ocrx_word' id='word_1_279' title='bbox 875 4214 1014 4289; x_wconf 77' lang='grc' dir='ltr'>υθρησομαι</span> <span class='ocrx_word' id='word_1_280' title='bbox 1036 4213 1199 4282; x_wconf 82' lang='lat' dir='ltr'><strong>componere,</strong></span> <span class='ocrx_word' id='word_1_281' title='bbox 1225 4217 1254 4266; x_wconf 91' lang='lat' dir='ltr'><strong>ut</strong></span> <span class='ocrx_word' id='word_1_282' title='bbox 1275 4214 1323 4267; x_wconf 93' lang='lat' dir='ltr'><strong>hoc</strong></span> <span class='ocrx_word' id='word_1_283' title='bbox 1341 4205 1509 4294; x_wconf 78' lang='lat' dir='ltr'><strong>coniungatur</strong></span> <span class='ocrx_word' id='word_1_284' title='bbox 1531 4205 1594 4266; x_wconf 82' lang='grc' dir='ltr'><strong>υυυιἸ</strong></span> <span class='ocrx_word' id='word_1_285' title='bbox 1611 4211 1639 4265; x_wconf 81' lang='grc' dir='ltr'><strong>οδ</strong></span> <span class='ocrx_word' id='word_1_286' title='bbox 1662 4213 1707 4284; x_wconf 79' lang='grc' dir='ltr'><strong>μή,</strong></span> 
     </span>
     <span class='ocr_line' id='line_1_34' title="bbox 543 4298 1707 4372; baseline -0.008 -13"><span class='ocrx_word' id='word_1_287' title='bbox 543 4305 723 4360; x_wconf 72' lang='lat' dir='ltr'><strong>coniunctione</strong></span> <span class='ocrx_word' id='word_1_288' title='bbox 741 4308 825 4358; x_wconf 85' lang='lat' dir='ltr'><strong>autem</strong></span> <span class='ocrx_word' id='word_1_289' title='bbox 844 4318 902 4356; x_wconf 89' lang='lat' dir='ltr'><strong>cunr</strong></span> <span class='ocrx_word' id='word_1_290' title='bbox 919 4300 988 4366; x_wconf 81' lang='grc' dir='ltr'>υδδέ,</span> <span class='ocrx_word' id='word_1_291' title='bbox 1007 4316 1095 4369; x_wconf 85' lang='lat' dir='ltr'><strong>quum,</strong></span> <span class='ocrx_word' id='word_1_292' title='bbox 1113 4303 1236 4372; x_wconf 83' lang='lat' dir='ltr'><strong>quantum</strong></span> <span class='ocrx_word' id='word_1_293' title='bbox 1254 4315 1302 4368; x_wconf 85' lang='lat' dir='ltr'><strong>ego</strong></span> <span class='ocrx_word' id='word_1_294' title='bbox 1319 4300 1405 4365; x_wconf 78' lang='lat' dir='ltr'><strong>vidae,</strong></span> <span class='ocrx_word' id='word_1_295' title='bbox 1424 4299 1549 4353; x_wconf 87' lang='lat' dir='ltr'><strong>Graecum</strong></span> <span class='ocrx_word' id='word_1_296' title='bbox 1566 4300 1600 4352; x_wconf 87' lang='lat' dir='ltr'><strong>sit</strong></span> <span class='ocrx_word' id='word_1_297' title='bbox 1617 4298 1707 4351; x_wconf 77' lang='lat' dir='ltr'><strong>autad</strong></span> 
     </span>
     <span class='ocr_line' id='line_1_35' title="bbox 544 4384 1714 4465; baseline -0.007 -20"><span class='ocrx_word' id='word_1_298' title='bbox 544 4393 584 4465; x_wconf 81' lang='grc' dir='ltr'><strong>μὴ</strong></span> <span class='ocrx_word' id='word_1_299' title='bbox 604 4390 744 4465; x_wconf 81' lang='grc' dir='ltr'>υδρήσομαι</span> <span class='ocrx_word' id='word_1_300' title='bbox 761 4389 814 4444; x_wconf 75' lang='grc' dir='ltr'>οὔδ’</span> <span class='ocrx_word' id='word_1_301' title='bbox 836 4388 1053 4461; x_wconf 72' lang='grc' dir='ltr'>ἀποπαρδήσομαι,</span> <span class='ocrx_word' id='word_1_302' title='bbox 1071 4389 1116 4439; x_wconf 86' lang='lat' dir='ltr'><strong>aut</strong></span> <span class='ocrx_word' id='word_1_303' title='bbox 1133 4386 1163 4441; x_wconf 80' lang='grc' dir='ltr'><strong>οδ</strong></span> <span class='ocrx_word' id='word_1_304' title='bbox 1182 4386 1218 4459; x_wconf 75' lang='grc' dir='ltr'><strong>μὴ</strong></span> <span class='ocrx_word' id='word_1_305' title='bbox 1236 4385 1337 4459; x_wconf 77' lang='grc' dir='ltr'>υδρησω</span> <span class='ocrx_word' id='word_1_306' title='bbox 1356 4384 1417 4458; x_wconf 84' lang='grc' dir='ltr'>μηδ’</span> <span class='ocrx_word' id='word_1_307' title='bbox 1434 4384 1592 4457; x_wconf 74' lang='grc' dir='ltr'>ἀποπάρδω.’.</span> <span class='ocrx_word' id='word_1_308' title='bbox 1612 4385 1714 4437; x_wconf 70' lang='lat' dir='ltr'><strong>Recio-1</strong></span> 
     </span>
     <span class='ocr_line' id='line_1_36' title="bbox 543 4472 1708 4553; baseline -0.008 -21"><span class='ocrx_word' id='word_1_309' title='bbox 543 4494 591 4532; x_wconf 79' lang='lat' dir='ltr'><strong>urs</strong></span> <span class='ocrx_word' id='word_1_310' title='bbox 604 4481 689 4531; x_wconf 81' lang='lat' dir='ltr'><strong>autern</strong></span> <span class='ocrx_word' id='word_1_311' title='bbox 708 4493 755 4547; x_wconf 90' lang='lat' dir='ltr'><strong>pro</strong></span> <span class='ocrx_word' id='word_1_312' title='bbox 772 4478 842 4550; x_wconf 81' lang='grc' dir='ltr'>παρὰ</span> <span class='ocrx_word' id='word_1_313' title='bbox 860 4475 1021 4530; x_wconf 87' lang='lat' dir='ltr'><strong>scribendum</strong></span> <span class='ocrx_word' id='word_1_314' title='bbox 1038 4472 1100 4547; x_wconf 85' lang='grc' dir='ltr'>πρὸς</span> <span class='ocrx_word' id='word_1_315' title='bbox 1112 4477 1282 4553; x_wconf 26' lang='grc' dir='ltr'>,ευυευευευη</span> <span class='ocrx_word' id='word_1_316' title='bbox 1300 4489 1377 4549; x_wconf 84' lang='lat' dir='ltr'><strong>quurn</strong></span> <span class='ocrx_word' id='word_1_317' title='bbox 1395 4473 1463 4550; x_wconf 89' lang='grc' dir='ltr'>παρά</span> <span class='ocrx_word' id='word_1_318' title='bbox 1474 4490 1498 4524; x_wconf 85' lang='grc' dir='ltr'><strong>τι</strong></span> <span class='ocrx_word' id='word_1_319' title='bbox 1515 4473 1587 4549; x_wconf 76' lang='lat' dir='ltr'><strong>iuxta</strong></span> <span class='ocrx_word' id='word_1_320' title='bbox 1598 4472 1640 4549; x_wconf 77' lang='lat' dir='ltr'><strong>sit,</strong></span> <span class='ocrx_word' id='word_1_321' title='bbox 1657 4486 1708 4549; x_wconf 81' lang='lat' dir='ltr'><strong>non</strong></span> 
     </span>
     <span class='ocr_line' id='line_1_37' title="bbox 543 4557 1709 4639; baseline -0.008 -21"><span class='ocrx_word' id='word_1_322' title='bbox 543 4564 609 4639; x_wconf 79' lang='grc' dir='ltr'>πρός</span> <span class='ocrx_word' id='word_1_323' title='bbox 626 4584 658 4629; x_wconf 86' lang='grc' dir='ltr'><strong>τι,</strong></span> <span class='ocrx_word' id='word_1_324' title='bbox 677 4566 831 4633; x_wconf 90' lang='lat' dir='ltr'><strong>nimiumque</strong></span> <span class='ocrx_word' id='word_1_325' title='bbox 850 4564 883 4616; x_wconf 88' lang='lat' dir='ltr'><strong>sit</strong></span> <span class='ocrx_word' id='word_1_326' title='bbox 899 4562 1079 4617; x_wconf 84' lang='lat' dir='ltr'><strong>obscoenitatis</strong></span> <span class='ocrx_word' id='word_1_327' title='bbox 1096 4559 1159 4633; x_wconf 85' lang='grc' dir='ltr'>πρὸς</span> <span class='ocrx_word' id='word_1_328' title='bbox 1175 4557 1341 4633; x_wconf 67' lang='lat' dir='ltr'><strong>cccccccccc,</strong></span> <span class='ocrx_word' id='word_1_329' title='bbox 1359 4567 1446 4611; x_wconf 85' lang='lat' dir='ltr'><strong>versus¹</strong></span> <span class='ocrx_word' id='word_1_330' title='bbox 1464 4561 1570 4623; x_wconf 87' lang='lat' dir='ltr'><strong>storeas,</strong></span> <span class='ocrx_word' id='word_1_331' title='bbox 1587 4561 1709 4625; x_wconf 87' lang='lat' dir='ltr'><strong>tanquam</strong></span> 
     </span>
     <span class='ocr_line' id='line_1_38' title="bbox 544 4645 1643 4724; baseline -0.005 -21"><span class='ocrx_word' id='word_1_332' title='bbox 544 4665 559 4703; x_wconf 85' lang='grc' dir='ltr'><strong>ε</strong></span> <span class='ocrx_word' id='word_1_333' title='bbox 577 4651 717 4724; x_wconf 78' lang='lat' dir='ltr'><strong>longinquo</strong></span> <span class='ocrx_word' id='word_1_334' title='bbox 736 4652 856 4719; x_wconf 84' lang='lat' dir='ltr'><strong>mingere.</strong></span> <span class='ocrx_word' id='word_1_335' title='bbox 891 4650 956 4703; x_wconf 83' lang='lat' dir='ltr'><strong>Tum</strong></span> <span class='ocrx_word' id='word_1_336' title='bbox 974 4646 1036 4718; x_wconf 80' lang='grc' dir='ltr'>πρὸς</span> <span class='ocrx_word' id='word_1_337' title='bbox 1054 4655 1107 4706; x_wconf 83' lang='grc' dir='ltr'>ταῖς</span> <span class='ocrx_word' id='word_1_338' title='bbox 1126 4650 1236 4705; x_wconf 83' lang='grc' dir='ltr'>κάνναις</span> <span class='ocrx_word' id='word_1_339' title='bbox 1248 4645 1523 4715; x_wconf 84' lang='lat' dir='ltr'><strong>opinorscribendum·</strong></span> <span class='ocrx_word' id='word_1_340' title='bbox 1534 4650 1596 4699; x_wconf 76' lang='lat' dir='ltr'><strong>erat.</strong></span> <span class='ocrx_word' id='word_1_341' title='bbox 1639 4676 1643 4682; x_wconf 91' lang='lat'><em>-</em></span> 
     </span>
    </p>
   </div>
   <div class='ocr_carea' id='block_1_6' title="bbox 0 0 2251 5467">
    <p class='ocr_par' dir='ltr' id='par_1_6' title="bbox 0 0 2251 5467">
     <span class='ocr_line' id='line_1_39' title="bbox 0 0 2251 5467; baseline 0 0"><span class='ocrx_word' id='word_1_342' title='bbox 0 0 2251 5467; x_wconf 95' lang='lat' dir='ltr'><strong> </strong></span> 
     </span>
    </p>
   </div>
  </div>
 </body>
</html>
