4484 5467
1015 631 1211 696 ΣΦΗΚΕΣ

688 811 780 878 ποθεν
804 811 872 877 ποτ’
898 814 1076 899 ἐμπέπτωκέ
1101 839 1152 901 μοι
1175 813 1208 878 τὸ
1233 811 1360 900 βωλίον;

1032 938 1188 997 Ethai-ti.

688 1036 762 1109 ἴσως
785 1038 903 1104 ἄνωθεν
929 1043 986 1125 μῦς
1009 1038 1132 1128 ἐνέβαλέ
1156 1038 1206 1103 σοί
1228 1037 1331 1101 ποθεν.

1049 1162 1178 1221 ΣΩΣΙΛΣ.

690 1265 764 1347 μῦςς
789 1261 824 1325 οὐ
850 1263 891 1348 μὰ
913 1261 960 1326 Δί’
986 1262 1048 1328 ἀλλ’
1075 1258 1282 1347 ὑποδυόμενός
1303 1282 1346 1329 τις
1369 1257 1476 1322 οὑτοσὶ
1537 1263 1540 1268 “

692 1374 748 1436 ὑπὸ
771 1377 830 1439 τῶν
853 1375 1025 1460 κεραμίδων
1049 1375 1195 1459 ἡλιαστὴς
1217 1373 1352 1460 ὀροφίας.

1035 1498 1192 1556 Ehh'tllhl.

692 1596 772 1682 οἴμοι
795 1599 1001 1685 κακοδαίμων,
1026 1599 1175 1686 στροῦθος
1198 1598 1273 1683 ἁνὴρ
1295 1598 1440 1681 γίγνεται·

690 1711 875 1797 ἐκπτήσεται.

997 1836 1233 1895 ΒΔΡΛΥΚΛΕΩΝ.

896 1938 967 2010 ποῦ,
990 1940 1051 1999 ποῦ
1072 1935 1132 2000 ’στί
1155 1961 1207 2022 μοι
1229 1937 1263 1999 τὸ
1287 1935 1423 2012 ὃίκτυανς

694 2053 761 2126 σοῦ,
786 2050 853 2126 σοῦ,
876 2051 964 2112 πάλιν
989 2052 1055 2111 σοῦ.
1079 2051 1115 2133 νὴ
1138 2048 1186 2113 Δί’
1210 2047 1230 2133 ἧ
1257 2072 1308 2134 μοι
1329 2051 1465 2133 κρεῖττον
1491 2044 1532 2132 ἧν

537 2176 588 2230 910
692 2167 790 2247 τηρεῖν
815 2160 948 2245 Σκιώνην
972 2160 1035 2225 ἀντὶ
1056 2160 1164 2225 τούτου
1187 2165 1242 2225 τοῦ
1266 2158 1385 2247 πατρός.

570 2432 593 2470 v.
607 2417 665 2471 206.
701 2417 844 2490 κεραμίδων
864 2418 947 2488 vulgo.
973 2417 1100 2490 κεραμίων
1119 2419 1182 2472 Poll.
1200 2417 1236 2483 X,
1256 2417 1312 2472 182.
1335 2416 1384 2470 ὒπὸ
1402 2414 1448 2470 τὸν
1467 2414 1620 2491 κεραμιδῶν“
1638 2413 1652 2466 i.
1664 2426 1680 2464 t.

604 2508 698 2557 tectum
717 2505 802 2557 Reisk.

573 2608 596 2644 ν.
611 2590 766 2643 not-210
793 2590 869 2657 vulgo
892 2590 1030 2645 Xanthiae.
1070 2591 1188 2643 Reislsius
1210 2594 1236 2643 et
1261 2592 1368 2646 Bentlei.
1399 2607 1424 2645 v.
1447 2590 1509 2646 209.
1535 2590 1586 2644 210
1610 2585 1682 2652 Bdell·

532 2737 535 2742 ¹
608 2678 689 2729 cleoni
708 2676 843 2742 dederunt,
861 2676 963 2730 eosdem
981 2695 996 2730 a
1014 2678 1097 2731 verbis
1115 2676 1146 2748 νὴ
1164 2672 1201 2729 Δί’
1223 2677 1377 2741 Brunehius,
1400 2692 1477 2745 quem
1496 2676 1612 2729 refellere
1627 2686 1683 2726 eona·

607 2763 682 2816 hatur
699 2763 825 2816 llotibius.
861 2763 985 2828 Berghius
1004 2769 1092 2816 contra
1113 2778 1200 2817 ornnes
1218 2763 1390 2832 Bdelyeleoni.
1426 2762 1533 2831 Reliqui
1551 2758 1683 2815 aruncum

608 2850 713 2918 sequuti
726 2853 793 2901 sunt.
812 2877 845 2885 -
863 2849 892 2902 ln
912 2850 968 2903 hld.
988 2849 1052 2902 lunt.
1071 2850 1164 2916 ubique
1183 2844 1220 2901 ot.
1238 2849 1387 2918 praefixum.

573 2953 596 2988 r.
611 2937 669 2989 207.
707 2932 829 3008 στρουθὸς
847 2936 932 3004 vulgo.
970 2932 1090 3008 στροῦθος
1112 2936 1187 2987 llind.
1209 2952 1242 2987 cx
1259 2934 1403 2988 Herodiano
1426 2952 1453 2987 π.
1472 2953 1534 3003 μον.
1553 2932 1601 2995 tes.
1618 2949 1640 3002 ρ.
1654 2927 1685 2984 li·

606 3023 640 3075 lt
657 3027 683 3074 et.
700 3021 779 3074 schol.
804 3022 851 3072 Ar.
871 3019 929 3072 oto.
948 3037 998 3073 rec.
1017 3020 1108 3088 Bergk.

572 3126 595 3162 r.
609 3109 667 3162 ⁸209.
687 3108 738 3160 ⁵210
770 3106 935 3175 Bdelycleoni
952 3107 1063 3159 restituit
1086 3107 1212 3173 Reislrim,
1229 3107 1325 3175 primus
1342 3107 1438 3175 recepit
1459 3106 1575 3162 Brunelr.
1593 3101 1628 3163 Οί
1643 3102 1686 3158 lid

606 3196 671 3249 tunt.
690 3191 735 3248 Ξα.
754 3194 827 3247 Kust.
848 3195 1004 3247 continuant.

590 3440 614 3476 r.
637 3423 695 3475 nort.
732 3417 846 3494 ὀροφίαςι
870 3416 948 3474 schol.
971 3418 1039 3492 παρὰ
1065 3419 1094 3472 τὸ
1146 3438 1188 3490 μοι
1206 3417 1235 3472 τὸ
1254 3418 1362 3472 δίκτυον.
1391 3418 1429 3470 lta
1443 3416 1537 3471 herum
1552 3420 1689 3488 olentqmnt

540 3515 589 3579 μῦς
611 3507 722 3581 ίρορίας.
757 3508 834 3561 l'idet
856 3524 941 3560 senem
964 3523 1009 3575 per
1030 3506 1095 3558 fora·
1146 3506 1254 3557 maxime
1271 3506 1334 3558 hacc
1351 3505 1437 3558 rerba.

539 3613 596 3648 rnen
619 3594 721 3663 aliquod
742 3595 769 3647 in
794 3598 890 3648 tectum
909 3592 1096 3656 ascendentem,
1197 3607 1221 3645 v.
1245 3591 1303 3646 209.
1339 3594 1395 3643 σοῦε
1418 3590 1501 3647 schol.
1522 3591 1562 3654 ὡς
1583 3587 1691 3660 εἰώθαμεν

540 3685 603 3756 retia
622 3685 808 3753 perrupturum.
1146 3676 1178 3730 τὰ
1205 3675 1278 3750 ὄρνεα
1301 3676 1391 3747 σοβεῖν.
1435 3677 1477 3731 Ita
1504 3696 1556 3734 nos
1581 3680 1608 3733 in
1632 3675 1693 3732 siml

593 3787 616 3822 v.
636 3769 694 3822 907.
730 3766 871 3819 Xanthiam
894 3766 956 3817 haee
974 3763 1052 3832 loqui,
1072 3767 1097 3814 ct
1148 3779 1224 3817 casu:
1247 3764 1322 3827 schu,
1344 3763 1419 3816 schut
1448 3763 1556 3833 Optime
1582 3781 1640 3820 vero
1658 3764 1693 3815 eoi

539 3858 643 3911 verlunn
662 3854 819 3926 ἐκπτήσεται,
837 3851 904 3920 qnod
922 3850 1011 3919 procul
1029 3853 1096 3902 stan·
1147 3851 1265 3903 convenit
1287 3865 1345 3903 cum
1370 3848 1524 3919 ἐκπτήσεται
1548 3856 1575 3906 et
1600 3851 1694 3906 δίκτυον.

538 3946 572 3998 tis
590 3947 642 4007 est,
660 3942 754 4010 rurippe
771 3938 815 4006 qni
833 3937 926 3989 anxilio
945 3936 1033 3988 adesse
1046 3949 1096 3986 non
1147 3937 1184 3988 lta
1202 3937 1295 4004 ubique
1312 3935 1406 3988 Noster
1422 3936 1566 4003 imaginem
1582 3936 1695 3992 eolonhus

539 4030 630 4093 valcat,
640 4031 665 4079 et
676 4026 731 4094 ipse
744 4023 880 4076 scholiasta
892 4022 999 4075 indicat:
1012 4017 1095 4089 ἐπειδὴ
1146 4021 1285 4090 perfectam
1298 4025 1372 4091 atque
1385 4021 1532 4075 absolutam
1545 4023 1637 4078 reddit.
1656 4021 1696 4074 lta·

539 4113 656 4187 ἀναπηδᾷ
675 4111 688 4164 ὁ
705 4112 794 4183 γέρων,
811 4112 892 4162 ταῦτα
905 4127 979 4182 φησιν
998 4105 1011 4158 δ
1030 4104 1093 4156 οἰκέ-
1147 4123 1195 4176 quo
1222 4107 1253 4159 de
1275 4107 1368 4177 l'espis
1393 4108 1573 4184 propellendis
1598 4109 1660 4164 inin
1677 4121 1696 4157 ι.

539 4221 594 4275 της.
613 4229 646 4237 -
660 4194 830 4269 Ἐκπτίρσεται
852 4202 936 4248 antem
954 4195 986 4247 ad
1004 4191 1096 4258 Bdoly·
1146 4193 1197 4246 458
1215 4190 1314 4246 σοῦσθ’.

540 4289 654 4342 cleonem
675 4284 798 4353 pertinet,
820 4283 863 4351 qni
881 4286 925 4334 aut
951 4279 1012 4349 quid
1030 4276 1097 4330 serii
1198 4297 1222 4333 ν.
1235 4280 1293 4333 210.
1312 4275 1440 4351 Σκιώνηνε
1453 4281 1487 4335 ef.
1501 4281 1586 4340 Thue.
1598 4277 1696 4349 luno.

541 4378 618 4443 agant
636 4370 851 4432 animadvertens,
874 4371 918 4420 ant
934 4366 1044 4418 animum
1059 4379 1097 4415 re·
1147 4366 1221 4419 Anno
1234 4369 1292 4418 ante
1304 4366 1446 4434 Vesperum
1465 4368 1635 4424 moamalhm
1645 4368 1698 4421 latr·

540 4462 672 4513 laxaturus
698 4456 794 4509 assidet
819 4469 915 4508 securo.
954 4452 1008 4504 lam
1029 4449 1096 4501 filius
1148 4452 1196 4505 cho
1218 4452 1339 4505 archonte
1362 4452 1394 4504 ad
1412 4452 1551 4508 Brasidam
1579 4455 1698 4514 descierit

538 4542 778 4600 .σ1ειαείιποῡ’στί
795 4560 838 4612 μοι
854 4540 884 4592 τὸ
898 4538 1011 4603 itacham
1029 4534 1098 4605 quod
1148 4542 1213 4590 teste
1231 4537 1383 4591 Philochoro
1401 4555 1443 4607 ap.
1461 4539 1643 4606 scholiastae,
1657 4536 1698 4592 rid

542 4632 608 4686 servi
625 4647 676 4686 non
695 4634 733 4684 est
751 4645 832 4698 neque
844 4627 917 4682 decet
931 4640 996 4691 eum,
1014 4623 1098 4677 dicere
1149 4624 1263 4677 llrrolleri
1278 4624 1379 4693 Fragm.
1397 4624 1457 4681 hist.
1476 4625 1571 4683 Graec.
1588 4629 1601 4682 l
1617 4644 1642 4698 p.
1650 4623 1698 4678 401.
