4484 5467
898 1590 1042 1657 orrvr
1074 1558 1356 1697 suerrum.¹

536 1790 603 1864 nn
638 1790 974 1866 lausonnam
1010 1784 1399 1864 nrsrmevrroun
1432 1782 1485 1858 m
1519 1733 1693 1861 vnsms

922 1896 1303 2020 rersrornaurs.
1473 1956 1476 1968 ·

623 2255 647 2319 I.
684 2256 787 2331 Quum
817 2254 892 2318 satis
920 2252 1093 2317 recentibus
1123 2252 1184 2316 nisi
1212 2250 1402 2331 auctoribuS‚
1424 2256 1493 2314 tum
1514 2252 1585 2337 ipsa
1606 2254 1693 2319 fabu-

496 2424 499 2431 .
537 2367 636 2431 larum
660 2366 857 2450 simplicitate
879 2365 988 2447 adiuti,
1010 2370 1160 2430 nostrates
1183 2364 1228 2427 ita
1248 2362 1384 2427 iudicare
1411 2363 1448 2427 de
1469 2365 1696 2447 tragoediarum

537 2477 753 2563 compositione
776 2484 986 2559 assueverunt,
1010 2482 1049 2541 ut*
1067 2477 1205 2561 singulas
1224 2482 1326 2571 partes
1340 2475 1421 2539 inter
1435 2481 1497 2540 tres
1513 2477 1577 2540 fere
1592 2478 1696 2543 histri·

538 2611 611 2655 ones
640 2595 671 2652 et
699 2588 841 2653 distribui
869 2610 956 2676 posse
984 2595 1015 2654 et
1048 2583 1112 2654 e'sse
1145 2589 1325 2654 distributas
1353 2608 1534 2672 persuasum
1564 2590 1696 2655 habeant

537 2722 655 2781 omnes;
679 2700 789 2764 deinde
811 2699 847 2766 ut
868 2702 1039 2787 primarum
1060 2702 1197 2789 partium
1219 2706 1351 2764 actorem
1375 2706 1556 2793 nuncupent
1579 2726 1695 2789 πρωτα-

438 2881 442 2896 ‚
537 2816 697 2899 γωνιστήν,
722 2798 935 2896 secundarum,
958 2815 979 2879 i.
995 2835 1022 2878 e.
1045 2814 1151 2878 ordine
1173 2811 1382 2895 dignitateque
1404 2812 1611 2877 secundarum
1635 2818 1695 2879 δευ·

536 2928 767 3012 asperomonte,
794 2925 956 2990 tertiarum
983 2926 1004 2990 i.
1033 2946 1059 2989 e.
1088 2924 1205 2990 ordinis
1231 2924 1331 2988 infimi
1357 2924 1565 3008 minimaeque
1592 2925 1693 3009 digni·

537 3038 610 3102 tatis
636 3040 884 3126 τριταγωνιστήν,
912 3044 943 3103 et
970 3038 997 3102 si
1025 3037 1147 3121 quando
1175 3055 1251 3121 opus
1278 3036 1371 3099 fucrit
1397 3042 1505 3119 quarto
1532 3036 1691 3121 histrione,

538 3150 718 3233 volquarto
741 3150 881 3233 quodam,
911 3150 965 3233 qui
992 3149 1152 3214 histrionis
1173 3154 1275 3234 partes
1297 3154 1383 3212 extra
1405 3147 1543 3212 ordinem
1571 3150 1692 3236 explere

538 3263 703 3344 iuberetur,
727 3282 799 3325 eum
820 3263 1067 3349 παραχορήγημα
1088 3266 1278 3347 nuncupent.
1316 3259 1402 3337 Quod
1416 3259 1498 3323 idem
1520 3264 1692 3328 comoediae

538 3359 711 3457 contigisse,
734 3379 770 3438 ut
790 3372 889 3437 tribus
910 3393 967 3437 usa
988 3378 1068 3437 esset
1088 3373 1298 3455 histrionibus
1321 3391 1417 3456 quum
1437 3371 1520 3435 haud
1542 3372 1589 3437 ita
1602 3375 1693 3440 multi

538 3485 602 3575 sint
636 3485 703 3570 qui
724 3484 951 3567 contenderint,
988 3484 1115 3577 Beerius
1143 3485 1328 3571 peculiarem
1362 3484 1477 3548 librum
1515 3488 1696 3572 composuit,

468 3572 472 3580 ¹
538 3616 566 3659 a.
595 3597 677 3661 1844
706 3596 838 3660 editum:
860 3596 972 3687 ‚Ueber
999 3596 1049 3661 die
1077 3597 1154 3661 Zahl
1182 3598 1236 3661 der
1257 3595 1471 3681 Schauspieler
1499 3596 1549 3662 bei
1576 3598 1696 3663 Aristo-

538 3705 670 3792 phanes:
701 3727 760 3790 quo
782 3707 1039 3791 distributionem,
1068 3708 1167 3793 qualis
1189 3708 1292 3791 fuerit,
1323 3709 1466 3793 perticere
1489 3715 1618 3773 conatus
1640 3718 1695 3792 est7

539 3798 638 3902 neque
658 3824 762 3882 tamen
785 3819 846 3883 nisi
866 3820 1033 3911 viyfabulis
1054 3820 1142 3884 illata
1162 3820 1297 3905 perfecit.
1343 3820 1388 3884 cf.
1412 3820 1447 3883 G.
1464 3820 1569 3884 Herm.
1594 3822 1695 3887 Wien.

538 3930 644 3995 Jahrb.
676 3932 766 4013 1845,
796 3932 831 3995 Β.
856 3933 916 3996 109
944 3954 974 4017 p.
997 3933 1036 3996 51
1067 3953 1133 4016 sqq.
1156 3933 1207 3995 54.
1237 3933 1289 3997 58.
1341 3932 1459 3997 Omisso
1487 3933 1581 4015 enim,
1616 3936 1697 4020 quod

538 4063 622 4107 nunc
645 4063 764 4126 quoque
787 4047 849 4107 tres
871 4049 994 4108 tantum
1015 4043 1137 4108 fabulae
1161 4050 1269 4128 quarto
1296 4044 1445 4108 histrione
1467 4063 1528 4108 non
1551 4046 1697 4111 videntur

539 4155 675 4238 indigere
702 4159 772 4239 post
798 4155 898 4219 Beerii
925 4159 1024 4238 curas,
1053 4155 1189 4239 Equites,
1223 4177 1301 4241 quae
1328 4156 1466 4220 omnium
1495 4163 1541 4221 est
1568 4167 1695 4244 sumptu

540 4274 571 4331 et
597 4273 706 4333 ornatu
734 4267 854 4331 scenico
880 4267 1107 4352 simplicissima
1141 4269 1259 4351 fabula,
1293 4268 1534 4349 Ecclesiazusae‚
1569 4270 1695 4351 Plutus3

540 4378 642 4443 Nubes
665 4384 768 4442 autem
790 4398 852 4442 nen
874 4385 947 4443 sunt
969 4379 1184 4450 distributione
1212 4381 1322 4464 dignae
1343 4379 1475 4473 habitae,
1505 4381 1586 4465 quod
1615 4405 1695 4447 nun·

541 4508 633 4571 quam
655 4492 688 4553 in
711 4511 832 4555 scenam
855 4496 956 4553 essent
977 4492 1103 4555 missae:
1133 4493 1167 4556 in
1196 4493 1338 4557 omnibus
1360 4492 1476 4557 Comici
1497 4494 1610 4559 tabulis
1631 4502 1695 4558 tam
