4484 5467
570 610 614 662 DE
632 609 803 662 IVDICIBVS
823 610 1082 682 ATHENIENSIVM
1100 613 1281 678 REBVSQVE
1300 615 1527 671 lVDlGlALIBVS
1573 622 1633 685 165

430 810 434 814 ¹
466 783 628 854 interdum
651 779 824 866 relinquere
846 783 1021 865 stranguria
1042 789 1160 848 coactos
1183 804 1257 867 esse,
1281 790 1363 871 φακῆ
1388 787 1466 866 811,
1496 811 1558 874 qua
1579 791 1632 857 do-

463 917 589 973 cemur,
622 894 743 958 eosdem
770 914 993 978 nonnunquam
1020 895 1115 958 etiam
1143 898 1224 960 same
1251 902 1376 962 vexatos
1405 921 1470 964 csse
1498 901 1543 985 (v.
1568 905 1629 967 777
1718 894 1720 896 ’

466 1010 542 1095 οὐχὶ
562 1011 671 1072 πεινῶν
694 1007 850 1091 ἀναμενεῖς
872 1008 988 1070 δάκνων
1013 1007 1160 1090 σεαυτόν),
1188 1029 1285 1092 quum
1312 1016 1384 1090 ante
1413 1032 1537 1077 oausam
1558 1015 1629 1078 fini-

462 1126 535 1185 tam
555 1119 620 1183 foro
642 1117 796 1182 discedere
817 1137 879 1182 non
893 1116 1012 1197 1111111,
1038 1116 1117 1205 ὅρνις
1132 1118 1230 1201 gallus
1246 1120 1319 1202 815,
1342 1122 1397 1205 qui
1413 1121 1630 1189 dormiturien-

462 1215 537 1296 tem*
560 1235 653 1295 cantu
680 1228 806 1309 excitet,
837 1228 919 1292 unde
947 1224 1110 1308 discimus,
1146 1250 1233 1295 senes
1263 1251 1326 1296 non
1355 1232 1399 1297 111
1426 1254 1495 1299 raro
1522 1221 1629 1302 somno

464 1342 584 1428 sopitos
606 1361 681 1405 csse.
725 1340 792 1404 lam
817 1347 886 1425 post
913 1342 987 1405 haec
1016 1362 1052 1405 ea
1080 1340 1205 1405 domum
1233 1351 1464 1428 comparantur,
1488 1369 1567 1432 quae
1590 1349 1629 1413 ad

464 1476 537 1520 rem
563 1454 689 1518 faciunt.
734 1452 802 1516 Non
831 1452 915 1516 enim
943 1452 1102 1535 Bdelycleo
1132 1458 1253 1538 praeter
1274 1454 1344 1519 illas
1367 1477 1415 1520 res
1437 1462 1468 1520 et
1489 1457 1564 1542 Lyci
1585 1460 1628 1525 si-

464 1566 642 1631 mulacrum
670 1564 840 1648 quidquam
868 1563 1006 1648 protulit.
1056 1564 1164 1649 Itaque
1191 1572 1278 1650 pater
1311 1567 1460 1633 cancellos
1492 1572 1626 1653 arcessit,
1716 1570 1718 1574 ’

464 1678 618 1743 nimirum
640 1675 844 1741 cancellorum
866 1675 930 1739 loco
953 1675 1031 1739 suile
1046 1661 1218 1741 vimineum
1232 1686 1447 1765 χοιροκομεῖον
1464 1681 1536 1746 844.
1569 1682 1627 1747 Η11

464 1796 542 1855 ante
563 1790 640 1853 sores
661 1788 822 1873 adipeam
844 1787 952 1852 domus
974 1788 1101 1851 ianuam
1123 1788 1231 1873 positis
1252 1796 1339 1874 pater
1361 1791 1435 1855 satis
1457 1793 1549 1858 habet
1570 1815 1624 1880 ap.

465 1907 604 1989 paratus.
649 1901 730 1965 Tum
753 1920 825 1964 uero
847 1898 929 1963 filius
952 1898 1051 1963 multa
1072 1899 1169 1980 affert,
1193 1901 1281 1983 quasi
1303 1902 1399 1985 patris
1421 1904 1523 1969 studio
1546 1898 1628 1972 com·

462 2015 672 2090 monefactus,
700 2012 751 2081 τὰς
781 2012 917 2089 σανίδας,
947 2012 998 2081 τὰς
1021 2013 1155 2097 γραφάς,
1185 2012 1297 2095 quibus
1325 2021 1411 2098 pater
1433 2018 1629 2102 supersedere

411 2110 416 2115 ”
465 2126 589 2192 mavult
603 2126 675 2190 849.
698 2124 776 2203 8503
800 2122 871 2194 τοὺς
898 2124 1070 2199 καδίσκους,
1093 2143 1224 2206 quorum
1245 2121 1309 2188 loco
1332 2131 1419 2209 pater
1443 2130 1626 2217 ἀρυστίχοις,
1702 2150 1705 2156 ·

466 2238 592 2322 cotylis,
621 2256 735 2301 usurus
757 2241 803 2299 est
825 2235 902 2313 8553
931 2236 985 2319 τὴν
1008 2234 1187 2321 κλεψύδραν,
1215 2235 1303 2300 cuius
1325 2235 1389 2302 locc
1410 2245 1497 2322 pater
1520 2238 1554 2303 εὖ
1576 2244 1626 2307 κά·

467 2351 627 2439 πιχωρίως
655 2349 717 2412 859
746 2353 800 2411 aut
826 2345 977 2410 matulam
1005 2351 1156 2410 monstrat
1184 2353 1238 2411 aut
1264 2348 1436 2413 mentulam
1465 2351 1626 2433 significat.

466 2461 643 2527 Constituto
665 2460 699 2524 in
720 2460 803 2524 hunc
825 2459 951 2524 modum
972 2459 1044 2536 foro,
1067 2458 1172 2541 ignem
1194 2465 1225 2524 ct
1246 2465 1361 2542 myrtos
1383 2468 1414 2524 et
1434 2462 1506 2527 thus
1522 2484 1627 2529 servus

466 2573 582 2658 aliquis
604 2573 693 2637 domo
715 2572 809 2649 effert,
832 2577 962 2654 votaque
985 2570 1065 2633 fiunt
1087 2570 1162 2635 diis:
1185 2593 1215 2633 v.
1231 2572 1409 2637 auo-890.
1453 2573 1511 2638 His
1532 2575 1627 2658 igitur

467 2687 549 2752 votis
570 2684 811 2768 unumquodque
833 2682 983 2747 iudicium
998 2683 1087 2766 quasi
1101 2683 1354 2764 inaugurabatur.
1399 2685 1516 2760 Quibus
1530 2686 1627 2751 finitis

467 2797 639 2881 Bdelycleo,
662 2796 716 2880 qui
737 2795 959 2860 thesmothetac
980 2795 1114 2859 officium
1136 2793 1247 2878 explet,
1270 2817 1298 2858 v.
1322 2796 1400 2859 891:

716 2906 747 2971 ai
762 2932 805 2977 τις
824 2905 953 2992 ’θύρασιν
976 2907 1131 2991 ἡλιαστής,
1154 2907 1265 2982 εἰσίτω,
1298 2913 1300 2916 ’

717 3022 757 3089 ὡς
780 3018 859 3103 ἡνίκ’
885 3018 918 3082 ἂν
942 3019 1079 3102 λέγωσιν,
1103 3016 1159 3082 οὔκ
1181 3019 1395 3104 εἰσφρήσομεν.

462 3134 633 3220 Impatiens
663 3152 764 3196 morae
792 3130 961 3214 avidusque
994 3129 1152 3194 iudicandi
1181 3150 1274 3193 senex
1301 3130 1420 3193 statim:
1453 3131 1496 3199 τίς
1526 3130 1576 3217 ἄρ’
1611 3136 1628 3195 t

461 3248 601 3335 ρεύχων;
622 3244 728 3327 itaque
751 3242 910 3336 exordium
933 3242 1015 3327 capit
1037 3233 1135 3306 actio.¹

553 3358 619 3421 lam
652 3355 749 3437 fingas
781 3355 840 3419 tibi
872 3356 973 3418 forum
1004 3355 1038 3418 in
1071 3355 1155 3419 hunc
1183 3355 1244 3417 sero
1273 3353 1408 3418 modum.
1460 3353 1560 3417 Senex
1589 3356 1628 3419 ad

463 3491 592 3536 murum
620 3466 708 3532 aulae
731 3466 882 3544 assidens,
906 3467 950 3530 ita
972 3471 1008 3530 111
1030 3466 1172 3530 dextrum
1195 3466 1326 3550 corporis
1347 3464 1429 3529 latus
1457 3467 1628 3531 ostenderet

464 3581 702 3668 spectatoribus,
729 3580 762 3643 τὸ
790 3582 1005 3665 χοιροκομεῖον
1033 3578 1073 3642 ad
1101 3558 1244 3643 dextrum
1271 3578 1327 3641 hoc
1348 3577 1430 3642 latus
1453 3577 1623 3660 collocavit,

463 3692 584 3759 sinistri
608 3691 839 3756 munimentum
866 3711 974 3755 murus
1003 3690 1194 3776 suppeditat,
1224 3689 1352 3753 tortium
1381 3711 1397 3752 c
1426 3691 1550 3773 regione
1579 3714 1626 3756 se·

446 3804 566 3869 ,clentis
595 3804 676 3867 latus
703 3804 786 3867 idem
812 3808 1026 3890 χοιροκομεῖον
1054 3808 1176 3879 tuetur,
1200 3806 1346 3885 quartum
1368 3823 1386 3864 a
1407 3807 1491 3884 tergo
1514 3802 1626 3867 iudicis

461 3918 546 3982 latus
572 3922 713 4002 apertum
743 3921 798 3980 111.
848 3914 966 3978 Matula
994 3913 1030 3977 de
1059 3934 1147 3979 muro
1175 3913 1301 3998 pendet,
1335 3912 1401 3977 lens
1431 3914 1625 3981 dextrorsum

461 4028 617 4118 apposita,
648 4031 676 4092 οἱ
704 4028 841 4093 καδίσκοι
869 4025 997 4091 diversis
1026 4025 1099 4090 locis
1129 4026 1167 4089 ab
1189 4026 1284 4090 latere
1307 4024 1460 4104 collocati,
1484 4027 1559 4109 Lyci
1581 4028 1623 4090 si·

460 4140 637 4205 mulacrum
657 4139 746 4203 iuxta
767 4138 926 4204 matulam.
970 4139 1037 4202 lam
1058 4137 1140 4221 quod
1162 4130 1233 4201 ante
1255 4138 1389 4202 iudicem
1412 4144 1458 4202 111
1479 4138 1537 4203 1111
1551 4158 1623 4221 spa·

460 4253 544 4317 tium
571 4272 656 4329 reue,
685 4256 856 4331 accusator,
884 4256 990 4328 testes,
1021 4249 1191 4314 defensores
1218 4250 1357 4335 implent.
1409 4251 1489 4325 Quos
1518 4269 1622 4313 omnes

459 4370 547 4451 puto,
570 4384 667 4448 quum
689 4362 723 4427 in
745 4362 882 4445 legitimo
910 4362 1023 4427 iudicio
1053 4368 1107 4428 aut
1129 4363 1167 4427 ab
1190 4362 1279 4427 initio
1303 4360 1458 4426 adfuerint
1481 4360 1621 4424 1111111-

461 4475 565 4561 gulari
585 4475 646 4554 via,
669 4474 807 4541 iudicum
829 4473 876 4537 illi
898 4474 1037 4560 opposita
1058 4474 1248 4554 introierint,
1276 4474 1310 4536 in
1333 4473 1389 4536 hac
1412 4471 1528 4536 Comici
1550 4471 1621 4536 imi·

459 4588 579 4653 tatione
600 4586 707 4654 eadem
728 4610 799 4653 cum
820 4587 922 4654 iudice
943 4586 995 4651 via
1016 4585 1168 4651 introisse.
1212 4586 1308 4654 Extra
1323 4585 1471 4651 cancellos
1486 4582 1618 4669 pupulus
