4484 5467
622 622 667 675 DE
684 621 862 687 Ivolclssvs
873 626 1132 687 ATHENIENSIVM
1149 626 1331 693 Russvsovu
1347 628 1578 685 IVDICIALIBVS
1643 634 1702 698 135

538 794 719 874 vasculum,
742 797 807 881 τὴν
830 798 1015 885 κλεψύδραν,
1050 799 1150 863 denuo
1178 798 1314 863 infusam
1341 820 1417 863 esse.
1462 801 1549 877 Quod
1571 803 1597 866 si
1623 812 1704 870 recte

536 906 705 985 coniecere,
728 927 850 974 necesse
865 909 925 973 erit
947 912 994 975 διὰ
1009 916 1064 995 τῆς
1080 911 1159 995 ὀπῆς
1174 929 1328 995 reponere.
1370 910 1590 999 Lexicographi
1604 936 1704 999 pauca

536 1017 755 1103 suppeditant:
782 1020 883 1103 Etym.
907 1021 990 1085 enim
1012 1022 1115 1104 Magn.
1140 1027 1171 1084 et
1192 1021 1270 1085 cuo.
1292 1043 1316 1084 s.
1339 1043 1368 1086 v.
1391 1024 1544 1111 κλεψύδρα
1565 1031 1703 1094 tantum:

537 1130 669 1219 ὄργανον
694 1133 923 1219 ἀστρονομικόν,
946 1136 977 1199 ἐν
1002 1131 1028 1220 ᾧ
1054 1139 1230 1220 μετροῦνται
1253 1135 1283 1197 ort
1307 1134 1398 1220 ὧραιε
1421 1134 1497 1200 item
1520 1137 1702 1221 Hesychius,

537 1241 683 1321 Photius,
707 1242 833 1321 Suidas,
857 1244 1006 1326 Zonaras,
1030 1244 1082 1328 qui
1107 1242 1233 1329 quidem
1253 1244 1414 1329 praebent:
1440 1244 1504 1333 ὅρμ
1528 1250 1701 1336 ἀστρολογι·

537 1355 603 1421 κύν.
626 1392 667 1401 -
691 1353 860 1420 Scholiasta
882 1360 987 1419 autem
1008 1356 1047 1420 ad
1068 1356 1145 1420 Ach.
1169 1358 1232 1421 694
1255 1355 1343 1421 haec:
1378 1360 1441 1423 ἀντὶ
1462 1364 1516 1424 τού
1540 1360 1570 1425 ἐν
1594 1368 1639 1448 roi
1661 1365 1700 1427 δι·

537 1469 710 1555 καστορίῳ,
744 1471 763 1553 ἡ
792 1469 848 1555 γὰρ
877 1469 1031 1556 κλεψύδρα
1065 1468 1186 1554 ἀγγεῖόν
1216 1471 1294 1535 ἐστιν
1319 1469 1392 1556 ἔχον
1417 1472 1595 1557 μικροτάτην
1619 1473 1698 1558 ὀπὴν

538 1583 608 1667 περὶ
628 1579 677 1644 τὸν
701 1579 859 1664 πυθμένα,
888 1579 960 1667 ὅπερ
984 1582 1014 1647 ἐν
1038 1588 1084 1667 rqi
1106 1583 1286 1669 δικαστηρίῳ
1312 1582 1419 1667 μεστὸν
1443 1566 1553 1655 ύδατος
1575 1584 1699 1663 ἐτίθετο,

537 1693 615 1778 πρὸς
638 1691 653 1756 δ
678 1691 783 1776 ἔλεγον
808 1694 837 1756 ot
861 1695 995 1780 ῥήτορες,
1017 1693 1131 1778 quibus
1153 1714 1231 1773 mea,
1253 1714 1349 1778 quam
1363 1714 1457 1780 supra
1470 1694 1625 1781 proposui,
1648 1695 1701 1760 de-

536 1803 664 1890 scriptio
692 1802 767 1869 satis
796 1803 917 1870 defendi
943 1826 1031 1892 posse
1054 1805 1185 1871 videtum.
1229 1806 1326 1871 Probe
1348 1805 1433 1870 enim
1454 1808 1625 1884 tenendum
1646 1815 1701 1887 ost,

536 1916 735 1982 scholiastam
757 1901 849 2001 atque
871 1938 908 1982 ex
930 1938 965 1983 eo
987 1917 1117 1983 Suidam
1139 1918 1177 1983 de
1199 1939 1261 1982 uno
1287 1916 1437 1982 foramine
1466 1918 1560 2003 loqui.
1605 1919 1703 2006 Supe-

536 2029 605 2094 rius
628 2033 732 2094 autem
753 2026 903 2094 scholium
925 2029 965 2094 ad
982 2030 1073 2114 Vesp.
1097 2030 1149 2111 93,
1172 2030 1199 2094 si
1221 2028 1315 2093 verba
1337 2028 1407 2116 ἄχρι
1429 2030 1508 2101 τινὸς
1531 2030 1610 2116 δτῆς
1632 2053 1702 2115 pro·

537 2140 692 2223 habimus,
715 2161 836 2206 necesse
859 2141 918 2206 erit
939 2141 984 2206 ita
1005 2140 1147 2224 intelligi,
1176 2147 1212 2206 ut
1232 2139 1394 2205 vasculum
1415 2140 1556 2225 pluribus
1577 2143 1702 2209 forami-

537 2252 632 2319 nibus
660 2251 773 2317 dirceto
801 2252 907 2317 ordine
929 2253 1017 2318 laetis
1038 2273 1132 2318 usum
1154 2252 1209 2331 sit,
1237 2271 1317 2336 quae
1338 2250 1479 2336 quidem,
1503 2274 1600 2336 quum
1622 2275 1703 2339 aqua

537 2366 680 2432 immissa
696 2368 754 2445 est,
775 2364 879 2429 omnia
900 2364 994 2429 simul
1010 2386 1123 2449 aquam
1145 2364 1285 2429 emittere
1301 2363 1508 2429 existimanda
1521 2369 1596 2430 sunt
1610 2371 1703 2450 atque

535 2480 593 2557 ita,
615 2484 652 2543 ut
672 2498 830 2543 summum
851 2477 997 2555 foramen,
1020 2479 1101 2562 quod
1124 2477 1169 2542 rei
1191 2479 1391 2554 naturalem,
1414 2477 1552 2562 primum
1578 2476 1704 2543 desierit

537 2590 691 2672 emittere,
713 2588 833 2676 reliqua
854 2589 997 2677 deinceps
1019 2590 1209 2675 subsequuta
1230 2590 1303 2655 sint.
1347 2589 1454 2673 ltaque
1476 2602 1575 2656 orator
1596 2598 1703 2675 potue-

539 2680 585 2770 rit
606 2702 646 2766 ad
666 2700 818 2788 primum,
840 2700 880 2765 ad
901 2702 1086 2781 secundum,
1109 2701 1149 2765 ad
1171 2706 1422 2787 quotumcunque
1442 2703 1585 2790 τρύπημα
1606 2722 1704 2787 usque

541 2814 639 2900 loqui,
662 2818 813 2898 quantum
835 2813 946 2898 cuique
963 2814 1110 2899 temporis
1124 2833 1301 2879 conoessum
1322 2813 1424 2879 fuerit.
1461 2813 1622 2880 Potuerint
1635 2836 1703 2879 rur-

541 2949 597 2994 sus
619 2927 787 2991 transversi
804 2925 924 2992 ordines
945 2916 1148 3014 approperes
1172 2925 1237 2991 sive
1260 2925 1343 2991 ὀπῶν
1367 2946 1442 3003 esse,
1464 2930 1501 2990 ut
1515 2947 1553 2991 ex
1567 2926 1703 3012 permnl-

539 3040 583 3105 tis
606 3038 655 3103 his
678 3058 758 3121 aqua
778 3037 973 3123 profluxerit:
1002 3043 1070 3101 tum
1098 3036 1177 3101 illud
1199 3036 1270 3123 ἄχρι
1297 3036 1375 3105 τινὸς
1398 3035 1477 3121 ὀπῆς
1502 3036 1703 3121 significaret:

538 3172 640 3238 usque
663 3150 702 3214 ed
724 3154 844 3216 certum
867 3150 1004 3216 ordinem
1027 3150 1092 3215 sive
1114 3147 1226 3214 seriem
1246 3147 1443 3213 foraminum.

626 3264 671 3327 De
692 3262 802 3327 multis
824 3266 928 3327 autem
950 3260 1152 3327 foraminibus
1174 3259 1307 3345 cogitare
1329 3243 1424 3325 etiam
1445 3258 1627 3326 Aristoteles
1648 3279 1704 3325 nos

536 3378 645 3458 iubet,
681 3374 736 3458 qui
758 3374 792 3438 in
814 3373 1043 3438 Problematum
1065 3378 1151 3439 sexto
1173 3370 1291 3437 decimo
1311 3371 1390 3438 libro
1413 3394 1439 3437 c.
1461 3373 1482 3438 8
1503 3394 1534 3459 p.
1557 3371 1704 3437 914010-

538 3487 688 3575 psydram
710 3483 878 3569 descripsit,
900 3484 989 3567 longe
1012 3484 1166 3549 diversam
1186 3482 1275 3547 illam
1296 3503 1315 3547 a
1332 3483 1568 3550 scholiastarum
1582 3487 1705 3549 senten·

539 3601 599 3679 tia,
632 3597 783 3681 uniceque
812 3616 917 3661 veram
945 3595 1118 3661 aBeckero
1147 3595 1277 3661 Charicl.
1300 3596 1345 3675 II,
1374 3596 1614 3686 eol-habitam.
1658 3595 1706 3661 Ibi

538 3711 636 3796 igitur
659 3710 801 3774 docemur
822 3714 885 3773 tres
907 3707 1082 3794 clepsydrae
1103 3715 1221 3794 partes:
1249 3708 1398 3795 primam,
1427 3730 1504 3795 quae
1534 3715 1665 3774 vocatur
1689 3710 1705 3773 δ

540 3823 646 3902 αύλύς,
667 3821 779 3899 fistula,
802 3840 857 3906 per
879 3839 973 3909 quam
987 3818 1091 3883 influit
1106 3839 1196 3905 aqua,
1219 3818 1357 3899 alteram,
1379 3822 1434 3905 τὴν
1451 3821 1576 3902 κωδίαν,
1599 3821 1705 3886 alvum

540 3934 734 4022 clepsydrae,
764 3930 856 4018 capiti
878 3930 1039 4017 papaveris
1061 3930 1196 3996 similem
1218 3930 1347 4017 (Suidas
1369 3954 1393 3996 s.
1416 3953 1445 3997 v.
1468 3933 1581 4012 κωδύα,
1605 3933 1705 4015 Hesy-

540 4048 640 4127 chius,
662 4044 796 4131 Etymol.
817 4042 859 4107 M.
880 4042 957 4107 Gud.
972 4043 1117 4128 Harpocr.
1140 4041 1268 4107 Photius
1290 4042 1416 4126 praebet
1437 4041 1557 4127 κωδύα)
1580 4062 1707 4108 nomen-

541 4157 697 4246 quoinde
720 4156 899 4222 ducentem:
921 4156 1060 4233 tertiam,
1090 4175 1169 4239 quae
1198 4154 1235 4218 τὰ
1262 4156 1443 4241 τροπήματα
1471 4154 1536 4219 sive
1567 4156 1582 4217 δ
1605 4154 1711 4241 ἠθμὸς

541 4274 647 4340 colum
668 4269 772 4357 (Suid.
794 4271 897 4357 ἡδμδς
913 4270 929 4332 ύ
947 4270 1112 4354 διολιοτήρ,
1133 4271 1165 4331 et
1178 4265 1295 4351 Etym.)
1316 4270 1453 4331 vocatur.
1491 4263 1591 4329 Schol.
1606 4262 1708 4347 Apoll.

540 4385 640 4465 Rhl,
666 4383 748 4449 1294
769 4407 800 4470 p.
817 4384 889 4462 382,
915 4384 951 4447 11
978 4402 1014 4445 ex
1029 4380 1204 4448 Herodiano
1228 4380 1258 4445 ἐν
1281 4387 1327 4466 τῷ
1342 4380 1484 4465 εἰκοατιμτ
1506 4377 1539 4442 τὸ
1557 4377 1589 4440 δὲ
1606 4376 1708 4461 ἡθμύς

535 4498 702 4579 ,δασύνεται
730 4496 827 4561 καίτοι
854 4495 931 4579 obp
962 4492 1035 4579 ἔχον
1065 4492 1121 4579 πρὸ
1151 4496 1206 4555 τού
1229 4492 1249 4556 b
1271 4498 1313 4575 τῇ
1342 4491 1444 4575 ἐννοίᾳ
1465 4492 1520 4553 τοῦ
1544 4490 1614 4573 ἥσω
1641 4488 1707 4574 μίλ-

541 4616 651 4679 λοντος
674 4605 893 4693 δασυνομένου.
938 4604 982 4669 Cf.
1005 4602 1134 4669 Bocchh.
1158 4600 1191 4665 C.
1213 4602 1237 4665 l.
1258 4600 1274 4665 Ι
1294 4622 1326 4687 p.
1348 4602 1398 4683 19,
1421 4598 1550 4664 Caecub.
1573 4597 1613 4663 ad
1633 4598 1708 4664 Ath.
