4484 5467
571 673 576 678 ·
620 652 665 705 DE
682 650 854 706 IVDICIBVS
872 651 1131 706 nruuumusrvu
1148 652 1329 717 uussvsovu
1346 653 1575 709 IVDICIALIBVS
1640 657 1699 720 161

538 824 662 888 Comici
678 824 786 889 'verbis
802 822 936 905 colligas,
959 829 990 887 et
1004 825 1086 908 quod
1101 825 1194 889 meris
1210 830 1284 907 erat,
1307 823 1496 909 sepeliundis
1511 825 1586 889 duos
1600 827 1702 892 obolos

529 936 577 1000 in
600 956 633 1001 os
655 937 835 1022 impingere.
880 936 1016 1014 Accedit,
1040 936 1120 1019 quod
1142 935 1235 1001 schol.
1258 936 1303 998 ita
1324 956 1390 998 rem
1412 935 1558 1020 explicat:
1581 938 1645 1023 ἅμα
1668 940 1702 1002 δὲ

539 1050 593 1114 διὰ
613 1051 647 1113 τὸ
671 1048 843 1135 λεγόμενον,
866 1050 910 1113 ὅτι
932 1054 997 1118 τοῖς
1019 1053 1135 1135 νεκροῖς
1158 1050 1206 1111 ἐπὶ
1227 1052 1282 1112 τοῦ
1307 1046 1455 1132 στόματος
1479 1050 1624 1135 βάλλουσι
1647 1050 1701 1113 oco

539 1161 683 1249 ὀβολούς.
729 1161 816 1236 Quod
844 1160 1062 1225 Graeculorum
1095 1178 1179 1223 more
1213 1159 1347 1240 dictum,
1381 1161 1430 1222 ἐπὶ
1462 1162 1517 1222 τοῦ
1553 1158 1702 1244 στόματος
1786 1207 1788 1209 -

540 1273 675 1361 βάλλειν,
698 1272 809 1336 melius
824 1272 981 1336 Lucienus
1004 1271 1041 1334 de
1063 1270 1149 1334 luctu
1172 1292 1196 1332 c.
1222 1272 1261 1332 10
1283 1272 1325 1341 εἰς
1346 1274 1379 1335 τὺ
1404 1270 1500 1355 στόμα
1515 1271 1702 1335 κατατιθέναι

517 1369 576 1447 ὀἵ
610 1382 719 1447 Strabo
748 1383 820 1446 VIII
848 1404 877 1467 p.
907 1383 970 1446 583
1004 1382 1147 1446 ἐντιθέναι
1175 1387 1239 1452 τοῖς
1267 1386 1383 1469 νεκροῖς
1410 1386 1520 1446 ναῦλον
1549 1380 1702 1447 dixerunt.

539 1494 641 1580 Apud
654 1493 828 1558 lucianum
844 1500 947 1558 autem
970 1496 1079 1581 ὀβολὸν
1102 1493 1184 1557 idem
1207 1492 1308 1557 valere
1330 1492 1411 1578 quod
1425 1491 1508 1577 apud
1522 1492 1703 1557 Strabonem

540 1611 657 1672 ναῦλον
679 1606 870 1686 crediderIm,
893 1606 914 1668 i.
937 1626 963 1668 e.
986 1607 1160 1692 πορθμήιον
1182 1604 1225 1688 (v.
1241 1603 1329 1668 Suid.
1352 1627 1377 1668 s·
1406 1607 1589 1690 πορθμήιον,
1611 1608 1703 1692 πορθ-

546 1719 625 1805 μίς),
648 1739 747 1802 neque
771 1717 837 1781 eius
852 1717 953 1781 uerbis
969 1715 1180 1793 demonstrari,
1202 1716 1331 1780 naulum
1346 1736 1409 1780 uno
1423 1715 1508 1780 obolo
1523 1717 1704 1783 constitisse.
1760 1758 1764 1765 -

542 1830 637 1894 Certe
666 1830 826 1893 Ranarum
853 1828 975 1894 fabulae
1003 1836 1139 1914 tompore
1166 1828 1296 1892 naulum
1328 1828 1459 1891 duorum
1488 1828 1643 1894 obolorum
1670 1830 1703 1894 in

544 1963 610 2007 usu
640 1941 749 2019 fuisse,
778 1940 894 2005 Comici
923 1962 1029 2006 versus
1056 1940 1174 2005 docent.
1218 1939 1321 2003 Etiam
1341 1939 1471 2023 Etymcl.
1493 1940 1534 2003 M.
1557 1962 1581 2005 s.
1602 1962 1633 2006 v.
1657 1945 1706 2007 δα-

546 2057 643 2140 νάκης
666 2053 753 2117 haec:
783 2052 968 2139 νομίσματός
991 2055 1069 2117 ἐστιν
1092 2051 1190 2138 ὄνομα
1214 2052 1393 2140 βαρβαρικὸν
1415 2051 1506 2117 πλέον
1528 2053 1659 2140 ὀβολοῦ,
1688 2054 1705 2116 ὃ

544 2170 618 2236 τοῖς
641 2162 757 2251 νεκροῖς
779 2165 811 2228 ἐν
833 2170 897 2235 τοῖς
921 2164 1065 2250 στόμασιν
1088 2165 1234 2228 ἐτίθεσαν.
1277 2162 1411 2227 Vocatur
1432 2163 1525 2226 etiam
1546 2167 1706 2250 καρκάδων

543 2301 569 2343 s.
596 2278 770 2364 καρκαδώνι
798 2275 886 2339 Suid.
915 2298 940 2339 s.
969 2297 998 2339 v.
1022 2279 1192 2363 καρκάῦονα
1220 2297 1246 2339 c.
1275 2275 1402 2360 iuterpr.
1431 2274 1484 2338 cir.
1508 2275 1614 2337 Herm.
1637 2275 1706 2340 Pri-

546 2388 657 2454 vatalt.
681 2410 711 2473 p.
734 2389 807 2452 ool.
851 2387 1042 2451 Mortuerum
1063 2387 1159 2470 igitur
1181 2386 1311 2452 naulum
1332 2407 1428 2470 quum
1450 2387 1603 2470 Dionysus
1631 2410 1707 2474 pen-

545 2501 620 2566 dere
643 2501 787 2565 iubeatur
809 2498 909 2581 uuus,
932 2499 998 2563 iure
1020 2499 1160 2590 miratur,
1183 2500 1264 2584 quod
1285 2499 1367 2563 idem
1382 2499 1501 2581 argenti
1514 2520 1599 2564 amor
1613 2501 1706 2565 etiam

544 2612 631 2700 apud
663 2611 775 2676 inferos
808 2610 932 2696 valeat,
958 2616 1176 2696 auctoremque
1214 2611 1259 2674 rei
1290 2611 1515 2695 inexspectatae
1549 2633 1707 2696 quaerens,

547 2724 662 2789 Thesei
685 2744 797 2788 nomen
819 2721 921 2802 audit,
951 2722 972 2785 i.
996 2742 1022 2786 e.
1053 2743 1150 2806 aeque
1171 2729 1324 2788 vetustam
1352 2722 1438 2786 nauli
1459 2725 1639 2790 memoriam
1661 2733 1708 2790 at-

546 2856 610 2921 que
633 2836 745 2899 Thesei
766 2854 831 2898 esse
853 2834 1009 2917 comperit.
1040 2872 1082 2880 —
1109 2833 1265 2898 Postremo
1292 2834 1455 2898 scholiasta
1475 2833 1496 2896 1.
1519 2835 1540 2898 1.
1563 2844 1707 2919 nugatur,

545 2969 647 3033 quum
677 2946 763 3010 dicit:
787 2948 835 3009 ἐπὶ
857 2946 891 3010 δὲ
911 2944 1150 3032 Ἀριστοφάνους
1171 2947 1220 3009 καὶ
1242 2947 1382 3032 δραχμὴν
1404 2946 1442 3030 ἢν
1465 2949 1581 3034 λαβεῖνι
1611 2968 1707 3031 quum
1756 2968 1763 2979 ·

546 3058 750 3125 notissimum
764 3057 858 3121 fuerit
872 3063 903 3120 et
918 3057 1166 3135 usitatissimum,
1189 3057 1276 3121 binos
1291 3055 1407 3120 iudices
1421 3076 1518 3120 unam
1530 3057 1709 3123 drachmam

547 3172 689 3256 accipere
703 3170 794 3254 Vesp.
810 3169 882 3250 788,
905 3187 998 3251 quem
1019 3189 1143 3232 versum
1164 3167 1246 3232 male
1267 3169 1305 3232 ab
1327 3168 1394 3253 ipso
1415 3166 1606 3232 intellectum
1625 3170 1710 3234 haud

547 3282 645 3348 dubie
667 3280 843 3346 recordatus
865 3286 920 3345 est.
964 3279 1078 3344 Eodem
1100 3282 1168 3344 iure
1190 3283 1223 3346 τὸ
1246 3283 1435 3367 πεντώβολον
1461 3300 1498 3342 ex
1519 3279 1622 3363 Equit.
1647 3281 1708 3345 798

547 3393 723 3459 mercedem
745 3392 921 3457 iudicialem
944 3392 1096 3478 appellare
1118 3393 1276 3476 potuisset.
1299 3391 1375 3476 (cfr.
1390 3391 1519 3456 Boeclrh.
1535 3391 1669 3457 Staatsh.
1684 3393 1708 3475 l,

547 3507 642 3590 251.)
665 3544 704 3553 -
729 3505 788 3569 His
809 3505 914 3588 itaque
934 3504 1097 3589 disputatis
1118 3504 1227 3568 saltem
1248 3504 1328 3568 illud
1349 3505 1483 3569 effecisse
1502 3503 1582 3566 mihi
1595 3502 1708 3583 videor,

546 3624 587 3683 ut
609 3617 805 3682 scholiastam
828 3616 944 3681 Comici
965 3616 1059 3680 verba
1081 3638 1142 3680 non
1165 3594 1246 3681 recte
1268 3616 1434 3702 explicasse
1457 3614 1521 3680 veri
1542 3614 1644 3679 simile
1658 3616 1707 3695 sit,

545 3731 569 3794 i.
587 3750 614 3794 a.
637 3734 674 3818 ut
696 3728 795 3814 ipsius
817 3727 980 3812 explicatio
1002 3749 1112 3812 parum
1126 3728 1238 3793 habeat
1253 3729 1461 3807 auctoritatis,¹
1476 3748 1537 3812 qua
1551 3726 1709 3791 Ranarum

546 3841 672 3908 fabulae
696 3847 832 3925 tempore
855 3839 1026 3904 mercedem
1048 3839 1225 3904 iudicialem
1247 3861 1309 3905 non
1331 3839 1464 3925 amplius
1477 3839 1642 3904 triobolum
1656 3840 1710 3904 sed

547 3954 707 4019 diobolum
736 3952 831 4017 fuisse
859 3952 986 4036 probare
1013 3951 1176 4036 possimus.
1219 3952 1324 4036 Neque
1353 3951 1486 4015 Pollucis
1513 3951 1609 4036 (VIII,
1634 3952 1709 4035 113)

546 4065 644 4131 verba
665 4064 743 4128 lucis
766 4063 936 4148 quidquam
951 4064 1092 4142 afferunt,
1113 4085 1221 4147 quum,
1243 4071 1280 4128 ut
1294 4083 1393 4127 unum
1408 4063 1517 4141 dicam,
1539 4063 1710 4128 theoricum

546 4177 729 4243 drachmam
742 4175 837 4240 fuisse
848 4196 886 4239 ex
897 4175 1137 4260 Harpocratione
1151 4198 1176 4241 s.
1191 4197 1220 4240 v.
1235 4177 1371 4262 θεωρικά
1381 4179 1499 4239 constet
1508 4175 1553 4259 (v.
1564 4173 1709 4238 Fritzsch.

498 4310 501 4315 ’
545 4290 569 4355 1.
593 4290 615 4353 1.
637 4310 668 4375 p.
694 4288 757 4371 13).
801 4287 860 4351 His
882 4287 978 4370 igitur
1000 4286 1142 4366 adducor,
1167 4294 1204 4352 ut
1224 4287 1390 4353 Fritzschio
1411 4286 1469 4350 hoc
1490 4286 1614 4369 quidem
1637 4307 1708 4350 con-

548 4401 674 4482 cedam,
703 4398 867 4465 triobolum
889 4406 958 4464 tum
979 4400 1012 4463 in
1035 4420 1094 4465 usu
1116 4400 1211 4465 foisse
1232 4400 1405 4485 exponenti,
1428 4419 1525 4483 quum
1547 4418 1566 4460 a
1587 4397 1709 4462 Comico

547 4516 663 4580 diserte
691 4512 918 4595 nominaretur,
947 4512 968 4575 i.
991 4533 1016 4575 e.
1046 4512 1117 4576 inde
1146 4513 1184 4577 ab
1213 4512 1258 4575 ol.
1282 4514 1322 4576 88
1358 4532 1439 4575 anno
1468 4512 1488 4575 3
1516 4515 1646 4572 exeunte
1670 4510 1710 4573 ad

548 4629 596 4693 01.
621 4627 659 4690 91
684 4644 782 4708 usque
803 4646 830 4688 a.
854 4627 883 4687 4.
912 4625 977 4689 sive
1005 4625 1043 4689 ab
1065 4624 1214 4708 Equitum
1242 4626 1304 4688 fere
1332 4622 1498 4688 didascalia
1526 4621 1565 4687 ad
1593 4621 1710 4686 Avium

1523 4728 1558 4779 11
