4484 5467
927 640 1171 700 ΥΠΟΘΕΣΙΣ
1565 646 1625 709 175

469 815 579 903 ἔχουσι
601 817 652 880 καὶ
673 816 843 900 πλήττουσι.
880 816 1039 900 πεποίηται
1062 814 1090 879 δ’
1115 815 1201 901 αὐτῷ
1222 815 1393 902 χαριέντως.
1415 818 1561 903 ἐδιδάχθη
1578 818 1627 882 ἐπὶ

419 931 449 988 ³0
467 928 616 1014 ἄρχοντος
635 926 784 1012 Ἀμυνίου
816 926 865 990 διὰ
888 927 1060 992 Φιλωνίδου
1089 927 1121 990 ἐν
1142 935 1184 1010 τῇ
1205 925 1290 991 πόλει
1310 925 1492 1013 Ὀλυμπιάδι
1521 928 1550 1017 β’
1575 928 1624 1013 ἦν,

465 1039 508 1108 είς
532 1038 656 1123 Λήναια.
696 1039 745 1102 καὶ
767 1037 849 1101 ἐνίκα
877 1042 997 1124 πρῶτος
1019 1038 1189 1123 Φιλωνίδης
1210 1038 1385 1125 Προάγωνι,
1407 1040 1531 1104 Λευκῶν
1552 1039 1625 1126 Πρέ-

465 1152 552 1237 σβεσι
574 1149 606 1214 Γ.

517 1336 542 1373 κ.
555 1318 597 1373 29.
619 1317 752 1390 πεποίηται
769 1318 800 1370 R.
813 1317 871 1372 add.
888 1319 942 1373 Inv.
956 1334 1022 1373 rece.
1121 1337 1146 1374 v.
1164 1319 1205 1374 30.
1232 1319 1274 1392 βηι
1292 1319 1325 1379 τίς
1343 1319 1374 1372 V.
1405 1313 1577 1388 Ὀλυμπιάδος
1593 1322 1624 1375 R.

460 1410 524 1459 ante
542 1405 618 1473 vulgo
635 1405 765 1458 omissum.
1070 1420 1121 1461 see.
1138 1406 1193 1460 Inv.

518 1508 543 1545 v.
557 1489 599 1545 30.
634 1506 690 1560 sqq.
711 1489 822 1543 Exhibui
838 1490 972 1544 lectionem
991 1491 1021 1544 R.

462 1577 496 1631 V.
516 1576 550 1629 cf.
570 1576 636 1631 Ptol.
654 1592 710 1644 cap.
727 1575 747 1630 L

531 1875 836 1963 Ἀριστοφάνους
863 1878 1145 1961 γραμματικοῦ.
1189 1851 1351 1961 Σφηκῶν
1379 1877 1559 1951 ὑπόθεσις

847 1994 906 2058 διὰ
930 1995 1068 2082 στίχων
1092 1996 1247 2082 ἰάμβων.

595 2169 748 2233 Φιλοῦντα
771 2167 900 2241 δικάζειν
922 2165 1034 2252 πατέρα
1056 2172 1125 2236 παῖς
1146 2166 1243 2253 είρξας
1265 2167 1351 2255 ἄφνω

596 2278 686 2350 αὖτίς
706 2279 736 2343 τ’
761 2278 922 2365 ἐφύλαττεν
945 2277 1031 2343 ἔνδον
1054 2278 1164 2343 οἰκέται
1185 2277 1230 2357 θ’,
1253 2278 1336 2351 ὅπως

595 2392 636 2477 μὴ
658 2391 804 2475 λανθάνῃ,
829 2388 903 2475 μηδ’
927 2390 1005 2475 ἐξίῃ,
1028 2390 1077 2455 διὰ
1097 2391 1151 2475 τὴν
1172 2389 1270 2455 νόσον.

594 2504 611 2565 ὁ
633 2502 662 2567 δ’
690 2504 881 2589 άντιμοίχεται
903 2503 988 2566 παντὶ
1008 2500 1111 2588 τρόπῳ
1134 2505 1183 2568 καὶ
1206 2510 1340 2590 μηχανῇ.

594 2614 657 2679 εἶθ’
683 2616 709 2678 οἱ
732 2615 870 2699 συνήθεις
890 2614 940 2678 καί
961 2614 1106 2700 γέροντες,
1128 2613 1285 2700 λεγόμενοι

594 2730 717 2812 σφῆκες,
739 2725 950 2813 παραγίνονται
971 2726 1155 2813 βοηθοῦντες
1178 2725 1304 2813 σφόδρα

592 2838 640 2902 ἐπὶ
660 2843 707 2923 τῷ
727 2836 873 2902 δύνασθαι
894 2836 1013 2924 κέντρον
1035 2837 1141 2901 ἐνιέναι
1162 2839 1220 2901 τισὶ

593 2952 774 3038 φρονοῦντες
795 2947 902 3014 ἱκανόν.
936 2950 953 3013 ὁ
975 2948 1009 3013 δὲ
1030 2948 1128 3035 γέρων
1149 2947 1333 3036 πηρούμενος

592 3061 770 3147 συμπείθετ’
797 3059 883 3126 ἔνδον
905 3062 1082 3135 διαδικάζειν
1103 3061 1154 3125 καλ
1176 3064 1270 3149 βιοῦν,

410 3194 441 3247 ιο
590 3171 654 3237 ἐπεὶ
675 3175 709 3238 τδ
732 3175 860 3246 δικάζειν
881 3171 1013 3259 κέκρικεν
1035 3172 1070 3236 ἑκ
1090 3174 1201 3244 παντὸς
1220 3170 1343 3259 τρόπου.

513 3346 698 3413 Argumentum
726 3344 857 3398 metricum
887 3343 962 3396 etiam
991 3343 1018 3395 in
1117 3361 1143 3399 τ.
1160 3344 1185 3399 7.
1219 3343 1280 3398 ίίναι
1301 3344 1378 3412 vulgo
1399 3346 1458 3397 ante
1477 3342 1620 3397 Bekkerum

458 3430 597 3485 Cratandri
616 3429 728 3483 editione
753 3433 846 3484 exstat.
875 3429 976 3482 Iuntina
994 3444 1017 3480 a.
1066 3434 1093 3482 et
1108 3430 1222 3496 Invem„
1243 3430 1287 3499 qui
1304 3429 1330 3484 in
1347 3429 1450 3498 reliquie
1468 3445 1620 3499 quemquam

459 3515 531 3570 1540
547 3518 665 3569 neutrum
682 3516 792 3570 exhibet.
1067 3515 1174 3568 eliorum
1186 3520 1317 3570 aversatur
1332 3516 1450 3584 ineptiae,
1467 3521 1551 3571 tamen
1564 3517 1620 3586 ipee

512 3617 538 3656 v.
556 3599 581 3655 2.
615 3599 692 3661 αδπός
708 3606 735 3655 et
752 3601 870 3655 υίκοῦντά
887 3599 911 3671 γ’
933 3598 1018 3669 vulgo.
1065 3601 1093 3654 in
1110 3602 1225 3671 ineptiis,
1244 3601 1335 3655 saltem
1353 3602 1379 3654 in
1396 3601 1511 3656 versibus
1527 3603 1620 3672 ineptis

456 3688 603 3742 Bekkerum
617 3688 719 3756 sequuti
734 3692 794 3740 sunt
809 3686 884 3741 Dind.
900 3686 927 3739 in
937 3684 1017 3739 Oxen.
1066 3692 1190 3741 vereatur.

455 3773 540 3827 Paris.
558 3772 651 3841 Bergk.
