4484 5467
582 1889 870 1957 ΦΙΛΟΚΛΕΩΝ.
905 1887 1075 1955 ΧΟΡΟΣ.
1110 1885 1443 1955 ΒΔΕΛΥΚΛΕΩΝ.
1473 1885 1650 1954 aazias

1008 2005 1228 2073 ΞΑΝΘΙΑΣ.

1015 2258 1222 2317 ΦΙΛΟΚΛΕΩΝ.

834 2359 934 2436 titio,
956 2359 1163 2443 κατατήκομαι

831 2472 925 2534 πάλαι
947 2470 995 2534 διὰ
1016 2474 1071 2553 τῆς
1093 2470 1172 2553 ὀπῆς

876 2582 962 2666 ὑμῶν
986 2580 1156 2645 ὑπακούων.

833 2692 902 2757 ἀλλ’
930 2692 965 2756 οὐ
989 2693 1045 2777 γὰρ
1070 2691 1133 2762 οἷός
1154 2694 1182 2757 τ’
1210 2692 1255 2759 ἔτ’
1280 2693 1342 2780 εἴμ’

875 2802 964 2890 ᾅδειν.
986 2804 1014 2867 τί
1036 2807 1173 2890 ποιήσω

573 3090 597 3127 v.
610 3073 668 3127 317.
704 3073 779 3146 φίλοι,
800 3072 912 3142 τήκομαι
934 3071 980 3139 μὲν
996 3070 1000 3137 Ι
1015 3070 1093 3123 πάλαι
1116 3070 1157 3124 διὰ
1177 3077 1225 3143 τῆς
1247 3070 1311 3143 ὀπῆς
1339 3072 1368 3126 R.
1393 3071 1423 3125 V.
1464 3072 1535 3145 φίλοι
1556 3074 1633 3128 πάλαι
1650 3072 1685 3142 μὶν

607 3160 718 3230 τήκομαι
740 3158 780 3210 διὰ
801 3162 848 3228 τῆς
871 3154 935 3226 ὀπῆς
957 3156 1033 3222 vulgo
1057 3172 1137 3225 usque
1159 3157 1192 3208 ad
1216 3157 1378 3211 Brunokium.
1413 3174 1438 3209 v.
1457 3155 1523 3212 318:
1545 3159 1619 3230 ὑμῶν
1639 3158 1688 3212 tm·

608 3243 702 3298 auimo.
733 3241 798 3294 ἀλλὰ
821 3241 868 3313 γὰρ
891 3239 957 3304 (ἀλλ’
980 3240 1044 3312 ἀτὰρ
1067 3240 1109 3304 V.)
1131 3240 1180 3314 οὐχ
1201 3240 1253 3300 οἶός
1274 3242 1300 3294 τ’
1324 3241 1376 3310 ἀμ’
1400 3242 1431 3294 R.
1457 3242 1486 3295 V.
1512 3241 1540 3296 C.
1577 3244 1631 3298 ἀλλ’
1651 3243 1689 3316 οὔχ

608 3330 659 3389 οἰός
673 3330 698 3381 τ’
718 3328 770 3397 εἶμ’
790 3327 857 3401 ᾄδειν
879 3329 956 3397 uulgo
978 3331 1037 3379 aute
1055 3328 1223 3393 Bruuokium,
1246 3331 1290 3398 qui
1310 3329 1358 3402 γὰρ
1381 3329 1488 3383 addidit.
1524 3330 1619 3385 Postea
1639 3333 1689 3400 quot

607 3417 726 3479 editores,
744 3419 782 3468 tot
800 3416 969 3467 coniecturae.
1005 3415 1140 3467 Accedunt
1158 3417 1272 3485 Reisigii,
1290 3418 1436 3482 Hormauni,
1458 3415 1567 3480 Hotibii,
1589 3415 1690 3478 Porsoui,

608 3502 728 3564 Dawesii,
751 3505 792 3563 ut,
810 3499 871 3567 quid
890 3503 996 3564 statuas,
1018 3500 1053 3551 sit
1075 3500 1260 3554 difficillimum.
1296 3501 1420 3571 Equidem
1442 3503 1625 3572 κατατήκομαι
1644 3516 1691 3556 eun

609 3591 752 3641 Hermanno
770 3593 796 3639 et
813 3606 836 3640 ι.
855 3587 906 3640 ala
924 3587 976 3646 οἶός
993 3588 1019 3640 τ’
1039 3588 1076 3641 ἔτ’
1094 3588 1149 3658 εἴμ’
1169 3607 1227 3644 oum
1245 3589 1376 3643 Diudortio
1394 3590 1534 3643 scribendo
1552 3588 1606 3642 duo
1622 3593 1691 3656 syste-

608 3680 676 3728 mata
693 3690 812 3727 versuum
830 3673 1013 3742 glyconeorum
1031 3675 1133 3729 efficere
1151 3680 1259 3730 conatus
1277 3692 1346 3742 sum,
1369 3675 1402 3729 do
1423 3676 1520 3744 quibus
1537 3675 1593 3728 dixi
1606 3672 1693 3740 Prolog-

607 3781 632 3832 p.
650 3763 691 3815 79.
727 3760 932 3830 Antistrophiea,
960 3766 989 3814 ut
1011 3762 1080 3815 Rois.
1101 3764 1189 3816 Hotib.
1218 3764 1366 3827 votuerunt,
1394 3766 1463 3816 certe
1487 3778 1541 3817 nou
1565 3765 1637 3827 sunt,
1656 3755 1693 3811 md

608 3847 681 3916 quasi
698 3844 853 3898 introductio
872 3847 1017 3912 systematis
1037 3847 1201 3915 anapaestioi‚
1219 3847 1289 3916 quod
1306 3847 1429 3915 sequitur.

572 3953 596 3989 u.
609 3934 667 3987 318.
703 3931 838 3985 ὒπακοΰων
857 3933 942 3999 vulgo.
978 3932 1110 3986 deonotus
1130 3934 1192 3988 θοι).
1211 3935 1302 3988 Μιιοιιι.
1320 3933 1337 3987 Ι.
1356 3934 1371 3986 1.

590 4178 614 4215 v.
635 4159 694 4214 317.
729 4158 920 4231 ιιατατήιιομαιι
937 4157 1003 4210 Plut.
1027 4158 1093 4211 1034
1144 4163 1278 4213 consuerat
1296 4172 1394 4223 canore,
1412 4158 1516 4228 quando
1534 4174 1596 4214 oum
1613 4154 1694 4214 sodali·

537 4249 698 4321 κατατέτηιια
716 4249 742 4298 et
762 4247 790 4298 in
806 4246 897 4314 fragm.
915 4244 1009 4296 Eubuli
1027 4244 1094 4312 apud
1146 4246 1192 4297 bus
1215 4245 1353 4298 iudicatum
1371 4246 1440 4309 ibat,
1462 4246 1496 4301 oi.
1514 4262 1539 4300 v.
1558 4246 1619 4300 220.
1652 4245 1693 4298 un·

538 4336 630 4389 Athen.
652 4334 717 4397 XV,
747 4333 797 4385 679
813 4333 837 4384 b.
861 4332 936 4383 Mein.
966 4328 1036 4382 Com.
1059 4330 1095 4381 111
1145 4332 1213 4384 wesii
1231 4332 1375 4383 coniectura
1392 4330 1451 4383 taso
1476 4336 1523 4385 aut
1545 4333 1605 4401 ipsa
1622 4335 1694 4394 noeto,

538 4439 563 4491 p.
574 4423 631 4476 251.
656 4417 774 4491 Τήιιομιιι
792 4418 867 4470 hodie
885 4416 953 4485 apud
971 4415 1096 4480 Comicos‚
1146 4433 1196 4485 qua
1214 4417 1296 4469 adhuc
1313 4417 1393 4470 multa
1411 4423 1559 4484 vorsantur,
1584 4420 1646 4473 satia
1664 4431 1696 4470 re

538 4509 606 4577 quod
624 4508 711 4570 seiam,
729 4506 831 4558 obvium
850 4518 900 4555 uon
918 4505 964 4553 est.
1147 4504 1256 4568 fellitur;
1284 4508 1328 4555 aut
1353 4505 1478 4569 luoeruis,
1506 4506 1603 4574 quibus
1629 4503 1697 4556 oolla·

591 4609 615 4644 v.
633 4591 692 4646 318.
723 4591 789 4664 ᾄδειν
808 4590 862 4643 soil.
882 4586 944 4659 μεθ’
963 4586 1045 4657 ὑμῶν,
1064 4594 1092 4642 ιιι
1145 4594 1240 4643 stratur
1258 4605 1315 4644 uox.
