<?xml version="1.0" encoding="UTF-8"?>
<!DOCTYPE html PUBLIC "-//W3C//DTD XHTML 1.0 Transitional//EN"
    "http://www.w3.org/TR/xhtml1/DTD/xhtml1-transitional.dtd">
<html xmlns="http://www.w3.org/1999/xhtml" xml:lang="en" lang="en">
 <head>
  <title>
</title>
<meta http-equiv="Content-Type" content="text/html;charset=utf-8" />
  <meta name='ocr-system' content='tesseract 3.04.00' />
  <meta name='ocr-capabilities' content='ocr_page ocr_carea ocr_par ocr_line ocrx_word'/>
</head>
<body>
  <div class='ocr_page' id='page_1' title='image "./vespaecumproleg00richgoog_0158.png"; bbox 0 0 4484 5467; ppageno 0'>
   <div class='ocr_carea' id='block_1_1' title="bbox 615 599 1382 677">
    <p class='ocr_par' dir='ltr' id='par_1_1' title="bbox 615 599 1382 677">
     <span class='ocr_line' id='line_1_1' title="bbox 615 599 1382 677; baseline -0.007 -9"><span class='ocrx_word' id='word_1_1' title='bbox 615 613 677 677; x_wconf 80' lang='lat'>144</span> <span class='ocrx_word' id='word_1_2' title='bbox 765 599 773 620; x_wconf 70' lang='lat'>²</span> <span class='ocrx_word' id='word_1_3' title='bbox 929 603 932 608; x_wconf 78' lang='grc'><strong>’</strong></span> <span class='ocrx_word' id='word_1_4' title='bbox 990 605 1179 660; x_wconf 73' lang='lat' dir='ltr'>PROIAEGOH.</span> <span class='ocrx_word' id='word_1_5' title='bbox 1215 605 1328 663; x_wconf 76' lang='lat' dir='ltr'><strong>OAPV&#39;I&#39;</strong></span> <span class='ocrx_word' id='word_1_6' title='bbox 1343 608 1382 664; x_wconf 86' lang='lat' dir='ltr'>IV</span> 
     </span>
    </p>
   </div>
   <div class='ocr_carea' id='block_1_2' title="bbox 606 777 1785 1886">
    <p class='ocr_par' dir='ltr' id='par_1_2' title="bbox 606 777 1785 1886">
     <span class='ocr_line' id='line_1_2' title="bbox 611 777 1760 870; baseline 0.007 -22"><span class='ocrx_word' id='word_1_7' title='bbox 611 782 757 849; x_wconf 89' lang='lat' dir='ltr'>sacellum</span> <span class='ocrx_word' id='word_1_8' title='bbox 786 779 881 844; x_wconf 84' lang='lat' dir='ltr'>luisse</span> <span class='ocrx_word' id='word_1_9' title='bbox 910 778 984 862; x_wconf 81' lang='lat' dir='ltr'>Lyci</span> <span class='ocrx_word' id='word_1_10' title='bbox 1012 777 1119 860; x_wconf 86' lang='lat' dir='ltr'>heroo,</span> <span class='ocrx_word' id='word_1_11' title='bbox 1148 779 1255 844; x_wconf 88' lang='lat' dir='ltr'>storeis</span> <span class='ocrx_word' id='word_1_12' title='bbox 1277 780 1499 868; x_wconf 85' lang='lat' dir='ltr'>circumsepto,</span> <span class='ocrx_word' id='word_1_13' title='bbox 1525 805 1611 870; x_wconf 89' lang='lat' dir='ltr'>quas</span> <span class='ocrx_word' id='word_1_14' title='bbox 1631 788 1760 867; x_wconf 77' lang='lat' dir='ltr'>Philode</span> 
     </span>
     <span class='ocr_line' id='line_1_3' title="bbox 612 879 1785 985; baseline 0.009 -27"><span class='ocrx_word' id='word_1_15' title='bbox 612 894 770 981; x_wconf 81' lang='lat' dir='ltr'>aptissime</span> <span class='ocrx_word' id='word_1_16' title='bbox 802 913 873 957; x_wconf 87' lang='lat' dir='ltr'>eum</span> <span class='ocrx_word' id='word_1_17' title='bbox 907 889 1050 955; x_wconf 86' lang='lat' dir='ltr'>cancellis</span> <span class='ocrx_word' id='word_1_18' title='bbox 1082 890 1193 975; x_wconf 81' lang='lat' dir='ltr'>ligneis</span> <span class='ocrx_word' id='word_1_19' title='bbox 1226 892 1380 959; x_wconf 88' lang='lat' dir='ltr'>dicasterii</span> <span class='ocrx_word' id='word_1_20' title='bbox 1412 902 1537 962; x_wconf 86' lang='lat' dir='ltr'>mente·</span> <span class='ocrx_word' id='word_1_21' title='bbox 1553 904 1651 985; x_wconf 87' lang='lat' dir='ltr'>atque</span> <span class='ocrx_word' id='word_1_22' title='bbox 1678 879 1785 968; x_wconf 81' lang='lat' dir='ltr'>arura¹</span> 
     </span>
     <span class='ocr_line' id='line_1_4' title="bbox 610 1004 1757 1102; baseline 0.012 -32"><span class='ocrx_word' id='word_1_23' title='bbox 610 1026 800 1092; x_wconf 72' lang='lat' dir='ltr'>comparans,</span> <span class='ocrx_word' id='word_1_24' title='bbox 822 1011 916 1091; x_wconf 83' lang='lat' dir='ltr'>optat,</span> <span class='ocrx_word' id='word_1_25' title='bbox 938 1010 974 1069; x_wconf 90' lang='lat' dir='ltr'>ut</span> <span class='ocrx_word' id='word_1_26' title='bbox 995 1007 1115 1090; x_wconf 86' lang='lat' dir='ltr'>praeter</span> <span class='ocrx_word' id='word_1_27' title='bbox 1136 1004 1323 1070; x_wconf 75' lang='lat' dir='ltr'>Hecataeum</span> <span class='ocrx_word' id='word_1_28' title='bbox 1350 1005 1446 1073; x_wconf 87' lang='lat' dir='ltr'>etiam</span> <span class='ocrx_word' id='word_1_29' title='bbox 1475 1009 1684 1082; x_wconf 61' lang='lat' dir='ltr'>uenenum</span> <span class='ocrx_word' id='word_1_30' title='bbox 1706 1037 1757 1102; x_wconf 76' lang='lat' dir='ltr'>pre</span> 
     </span>
     <span class='ocr_line' id='line_1_5' title="bbox 609 1117 1756 1202; baseline 0.012 -20"><span class='ocrx_word' id='word_1_31' title='bbox 609 1119 692 1183; x_wconf 85' lang='lat' dir='ltr'>xime</span> <span class='ocrx_word' id='word_1_32' title='bbox 720 1119 798 1183; x_wconf 86' lang='lat' dir='ltr'>lorea</span> <span class='ocrx_word' id='word_1_33' title='bbox 825 1117 995 1202; x_wconf 88' lang='lat' dir='ltr'>adipsum</span> <span class='ocrx_word' id='word_1_34' title='bbox 1021 1137 1147 1181; x_wconf 88' lang='lat' dir='ltr'>murum</span> <span class='ocrx_word' id='word_1_35' title='bbox 1175 1121 1358 1183; x_wconf 78' lang='lat' dir='ltr'><strong>exstruatur.</strong></span> <span class='ocrx_word' id='word_1_36' title='bbox 1409 1120 1501 1197; x_wconf 83' lang='lat' dir='ltr'>Quod</span> <span class='ocrx_word' id='word_1_37' title='bbox 1530 1145 1609 1198; x_wconf 87' lang='lat' dir='ltr'>vero</span> <span class='ocrx_word' id='word_1_38' title='bbox 1638 1126 1756 1194; x_wconf 69' lang='lat' dir='ltr'>conia</span> 
     </span>
     <span class='ocr_line' id='line_1_6' title="bbox 609 1228 1755 1317; baseline 0.011 -23"><span class='ocrx_word' id='word_1_39' title='bbox 609 1233 712 1317; x_wconf 84' lang='grc' dir='ltr'>ὥσπερ</span> <span class='ocrx_word' id='word_1_40' title='bbox 731 1228 893 1295; x_wconf 77' lang='grc' dir='ltr'>Ἑκάταιον</span> <span class='ocrx_word' id='word_1_41' title='bbox 916 1229 1004 1307; x_wconf 76' lang='lat' dir='ltr'>dixit,</span> <span class='ocrx_word' id='word_1_42' title='bbox 1028 1229 1060 1293; x_wconf 91' lang='lat' dir='ltr'>id</span> <span class='ocrx_word' id='word_1_43' title='bbox 1081 1248 1144 1294; x_wconf 85' lang='lat' dir='ltr'>non</span> <span class='ocrx_word' id='word_1_44' title='bbox 1165 1235 1231 1294; x_wconf 77' lang='lat' dir='ltr'>tam</span> <span class='ocrx_word' id='word_1_45' title='bbox 1252 1235 1375 1316; x_wconf 78' lang='lat' dir='ltr'>propter</span> <span class='ocrx_word' id='word_1_46' title='bbox 1397 1231 1618 1317; x_wconf 75' lang='lat' dir='ltr'><strong>frequentiam</strong></span> <span class='ocrx_word' id='word_1_47' title='bbox 1631 1239 1755 1306; x_wconf 55' lang='lat' dir='ltr'>Hababa·</span> 
     </span>
     <span class='ocr_line' id='line_1_7' title="bbox 608 1340 1754 1426; baseline 0.009 -18"><span class='ocrx_word' id='word_1_48' title='bbox 608 1363 706 1424; x_wconf 81' lang='lat' dir='ltr'>orum,</span> <span class='ocrx_word' id='word_1_49' title='bbox 729 1361 823 1426; x_wconf 89' lang='lat' dir='ltr'>quam</span> <span class='ocrx_word' id='word_1_50' title='bbox 844 1345 967 1426; x_wconf 87' lang='lat' dir='ltr'>propter</span> <span class='ocrx_word' id='word_1_51' title='bbox 988 1340 1070 1404; x_wconf 82' lang='lat' dir='ltr'><strong>Deae</strong></span> <span class='ocrx_word' id='word_1_52' title='bbox 1092 1341 1217 1424; x_wconf 82' lang='lat' dir='ltr'>signum</span> <span class='ocrx_word' id='word_1_53' title='bbox 1238 1342 1320 1407; x_wconf 82' lang='lat' dir='ltr'>lecit.</span> <span class='ocrx_word' id='word_1_54' title='bbox 1365 1341 1468 1410; x_wconf 80' lang='lat' dir='ltr'>Senex</span> <span class='ocrx_word' id='word_1_55' title='bbox 1490 1347 1583 1416; x_wconf 88' lang='lat' dir='ltr'>enim</span> <span class='ocrx_word' id='word_1_56' title='bbox 1605 1357 1678 1418; x_wconf 86' lang='lat' dir='ltr'>ante</span> <span class='ocrx_word' id='word_1_57' title='bbox 1696 1353 1754 1418; x_wconf 82' lang='lat' dir='ltr'>lere</span> 
     </span>
     <span class='ocr_line' id='line_1_8' title="bbox 607 1453 1755 1551; baseline 0.01 -31"><span class='ocrx_word' id='word_1_58' title='bbox 607 1454 746 1520; x_wconf 75' lang='lat' dir='ltr'>assidens</span> <span class='ocrx_word' id='word_1_59' title='bbox 768 1473 860 1538; x_wconf 86' lang='lat' dir='ltr'>prope</span> <span class='ocrx_word' id='word_1_60' title='bbox 874 1453 1071 1531; x_wconf 81' lang='lat' dir='ltr'>Hecataeum,</span> <span class='ocrx_word' id='word_1_61' title='bbox 1094 1453 1176 1537; x_wconf 92' lang='lat' dir='ltr'>quod</span> <span class='ocrx_word' id='word_1_62' title='bbox 1198 1461 1336 1544; x_wconf 80' lang='grc' dir='ltr'>πανταχῆ</span> <span class='ocrx_word' id='word_1_63' title='bbox 1360 1457 1418 1544; x_wconf 86' lang='grc' dir='ltr'>πρὸ</span> <span class='ocrx_word' id='word_1_64' title='bbox 1439 1463 1504 1525; x_wconf 84' lang='grc' dir='ltr'>τῶν</span> <span class='ocrx_word' id='word_1_65' title='bbox 1526 1462 1652 1550; x_wconf 82' lang='grc' dir='ltr'>θυρῶν,</span> <span class='ocrx_word' id='word_1_66' title='bbox 1672 1465 1755 1551; x_wconf 81' lang='lat' dir='ltr'>itaque</span> 
     </span>
     <span class='ocr_line' id='line_1_9' title="bbox 607 1566 1757 1651; baseline 0.01 -20"><span class='ocrx_word' id='word_1_67' title='bbox 607 1567 646 1631; x_wconf 92' lang='lat' dir='ltr'>ad</span> <span class='ocrx_word' id='word_1_68' title='bbox 667 1568 745 1632; x_wconf 82' lang='lat' dir='ltr'>feres</span> <span class='ocrx_word' id='word_1_69' title='bbox 766 1566 864 1651; x_wconf 88' lang='lat' dir='ltr'>ipsius</span> <span class='ocrx_word' id='word_1_70' title='bbox 885 1584 1005 1648; x_wconf 88' lang='lat' dir='ltr'>quoque</span> <span class='ocrx_word' id='word_1_71' title='bbox 1027 1569 1101 1646; x_wconf 69' lang='lat' dir='ltr'>erat,</span> <span class='ocrx_word' id='word_1_72' title='bbox 1124 1571 1219 1650; x_wconf 78' lang='lat' dir='ltr'>optat,</span> <span class='ocrx_word' id='word_1_73' title='bbox 1241 1573 1277 1631; x_wconf 87' lang='lat' dir='ltr'>ut</span> <span class='ocrx_word' id='word_1_74' title='bbox 1298 1567 1337 1632; x_wconf 88' lang='lat' dir='ltr'>ad</span> <span class='ocrx_word' id='word_1_75' title='bbox 1358 1568 1487 1636; x_wconf 90' lang='lat' dir='ltr'>modum</span> <span class='ocrx_word' id='word_1_76' title='bbox 1502 1572 1660 1642; x_wconf 76' lang='lat' dir='ltr'>Hecataei</span> <span class='ocrx_word' id='word_1_77' title='bbox 1678 1577 1757 1644; x_wconf 85' lang='lat' dir='ltr'>sinn·¹</span> 
     </span>
     <span class='ocr_line' id='line_1_10' title="bbox 606 1676 1754 1767; baseline 0.013 -25"><span class='ocrx_word' id='word_1_78' title='bbox 606 1679 724 1744; x_wconf 89' lang='lat' dir='ltr'>lacrum</span> <span class='ocrx_word' id='word_1_79' title='bbox 746 1678 821 1762; x_wconf 82' lang='lat' dir='ltr'>Lyci</span> <span class='ocrx_word' id='word_1_80' title='bbox 850 1677 949 1742; x_wconf 88' lang='lat' dir='ltr'>herois</span> <span class='ocrx_word' id='word_1_81' title='bbox 979 1697 1050 1741; x_wconf 90' lang='lat' dir='ltr'>eum</span> <span class='ocrx_word' id='word_1_82' title='bbox 1078 1676 1228 1743; x_wconf 87' lang='lat' dir='ltr'>tribunali</span> <span class='ocrx_word' id='word_1_83' title='bbox 1250 1700 1346 1763; x_wconf 87' lang='lat' dir='ltr'>aeque</span> <span class='ocrx_word' id='word_1_84' title='bbox 1368 1681 1549 1767; x_wconf 77' lang='lat' dir='ltr'>frequenter</span> <span class='ocrx_word' id='word_1_85' title='bbox 1573 1687 1618 1754; x_wconf 88' lang='lat' dir='ltr'>ad</span> <span class='ocrx_word' id='word_1_86' title='bbox 1639 1690 1754 1756; x_wconf 77' lang='lat' dir='ltr'>cuiusvis</span> 
     </span>
     <span class='ocr_line' id='line_1_11' title="bbox 607 1789 1755 1886; baseline 0.011 -30"><span class='ocrx_word' id='word_1_87' title='bbox 607 1791 714 1856; x_wconf 91' lang='lat' dir='ltr'>domus</span> <span class='ocrx_word' id='word_1_88' title='bbox 736 1792 814 1855; x_wconf 89' lang='lat' dir='ltr'>fores</span> <span class='ocrx_word' id='word_1_89' title='bbox 837 1794 1026 1853; x_wconf 83' lang='lat' dir='ltr'>exstructum</span> <span class='ocrx_word' id='word_1_90' title='bbox 1048 1789 1098 1854; x_wconf 86' lang='lat' dir='ltr'>sit.</span> <span class='ocrx_word' id='word_1_91' title='bbox 1142 1790 1181 1856; x_wconf 87' lang='grc' dir='ltr'>Αί</span> <span class='ocrx_word' id='word_1_92' title='bbox 1201 1793 1304 1857; x_wconf 84' lang='grc' dir='ltr'>κάνναι</span> <span class='ocrx_word' id='word_1_93' title='bbox 1327 1791 1459 1877; x_wconf 91' lang='lat' dir='ltr'>denique</span> <span class='ocrx_word' id='word_1_94' title='bbox 1489 1803 1522 1862; x_wconf 81' lang='lat' dir='ltr'>ee</span> <span class='ocrx_word' id='word_1_95' title='bbox 1544 1799 1645 1884; x_wconf 87' lang='lat' dir='ltr'>Lycei</span> <span class='ocrx_word' id='word_1_96' title='bbox 1671 1809 1713 1886; x_wconf 86' lang='lat' dir='ltr'>et,</span> <span class='ocrx_word' id='word_1_97' title='bbox 1730 1810 1755 1868; x_wconf 88' lang='lat' dir='ltr'>ut</span> 
     </span>
    </p>
   </div>
   <div class='ocr_carea' id='block_1_3' title="bbox 601 1901 1755 2678">
    <p class='ocr_par' dir='ltr' id='par_1_3' title="bbox 601 1901 1755 2678">
     <span class='ocr_line' id='line_1_12' title="bbox 606 1901 1755 2008; baseline 0.012 -40"><span class='ocrx_word' id='word_1_98' title='bbox 606 1903 737 1981; x_wconf 84' lang='lat' dir='ltr'>videtur,</span> <span class='ocrx_word' id='word_1_99' title='bbox 771 1901 918 1967; x_wconf 83' lang='lat' dir='ltr'>Hecataei</span> <span class='ocrx_word' id='word_1_100' title='bbox 950 1901 1136 1966; x_wconf 85' lang='lat' dir='ltr'>Philocleoni</span> <span class='ocrx_word' id='word_1_101' title='bbox 1169 1902 1263 1966; x_wconf 77' lang='lat' dir='ltr'>eliam</span> <span class='ocrx_word' id='word_1_102' title='bbox 1294 1909 1349 1969; x_wconf 83' lang='grc' dir='ltr'>τοῦ</span> <span class='ocrx_word' id='word_1_103' title='bbox 1382 1912 1680 2000; x_wconf 78' lang='grc' dir='ltr'>περισχοινίσματος</span> <span class='ocrx_word' id='word_1_104' title='bbox 1708 1915 1755 2008; x_wconf 74' lang='lat' dir='ltr'>lura</span> 
     </span>
     <span class='ocr_line' id='line_1_13' title="bbox 604 2013 1754 2117; baseline 0.012 -36"><span class='ocrx_word' id='word_1_105' title='bbox 604 2022 687 2081; x_wconf 87' lang='lat' dir='ltr'>sunt.</span> <span class='ocrx_word' id='word_1_106' title='bbox 720 2016 765 2079; x_wconf 80' lang='lat' dir='ltr'>lle</span> <span class='ocrx_word' id='word_1_107' title='bbox 787 2036 847 2100; x_wconf 89' lang='lat' dir='ltr'>que</span> <span class='ocrx_word' id='word_1_108' title='bbox 862 2013 972 2079; x_wconf 88' lang='lat' dir='ltr'>PeHux</span> <span class='ocrx_word' id='word_1_109' title='bbox 987 2013 1068 2096; x_wconf 69' lang='lat' dir='ltr'>vill</span> <span class='ocrx_word' id='word_1_110' title='bbox 1094 2013 1169 2078; x_wconf 74' lang='lat'>123:</span> <span class='ocrx_word' id='word_1_111' title='bbox 1192 2015 1225 2079; x_wconf 81' lang='grc' dir='ltr'>τὸ</span> <span class='ocrx_word' id='word_1_112' title='bbox 1242 2016 1276 2080; x_wconf 74' lang='grc' dir='ltr'>δὲ</span> <span class='ocrx_word' id='word_1_113' title='bbox 1292 2018 1483 2106; x_wconf 79' lang='grc' dir='ltr'>δικαστήριον</span> <span class='ocrx_word' id='word_1_114' title='bbox 1501 2031 1754 2117; x_wconf 75' lang='grc' dir='ltr'>περιεσχυινίζιτι,</span> 
     </span>
     <span class='ocr_line' id='line_1_14' title="bbox 603 2126 1754 2228; baseline 0.007 -37"><span class='ocrx_word' id='word_1_115' title='bbox 603 2134 658 2194; x_wconf 83' lang='grc' dir='ltr'>τοῦ</span> <span class='ocrx_word' id='word_1_116' title='bbox 683 2130 736 2214; x_wconf 80' lang='grc' dir='ltr'>μὲν</span> <span class='ocrx_word' id='word_1_117' title='bbox 762 2126 909 2217; x_wconf 81' lang='grc' dir='ltr'>βασιλέως</span> <span class='ocrx_word' id='word_1_118' title='bbox 931 2127 1185 2213; x_wconf 75' lang='grc' dir='ltr'>παραγγείλαντος</span> <span class='ocrx_word' id='word_1_119' title='bbox 1206 2128 1256 2212; x_wconf 90' lang='lat' dir='ltr'>(in</span> <span class='ocrx_word' id='word_1_120' title='bbox 1278 2130 1378 2194; x_wconf 77' lang='lat' dir='ltr'>causis</span> <span class='ocrx_word' id='word_1_121' title='bbox 1399 2129 1513 2215; x_wconf 83' lang='lat' dir='ltr'>igitur,</span> <span class='ocrx_word' id='word_1_122' title='bbox 1543 2157 1684 2223; x_wconf 73' lang='lat' dir='ltr'>quarum</span> <span class='ocrx_word' id='word_1_123' title='bbox 1702 2145 1754 2228; x_wconf 69' lang='grc' dir='ltr'>ᾓηε·</span> 
     </span>
     <span class='ocr_line' id='line_1_15' title="bbox 606 2239 1754 2340; baseline 0.013 -36"><span class='ocrx_word' id='word_1_124' title='bbox 606 2243 697 2328; x_wconf 82' lang='grc' dir='ltr'>ρυνία</span> <span class='ocrx_word' id='word_1_125' title='bbox 718 2262 812 2325; x_wconf 87' lang='lat' dir='ltr'>penes</span> <span class='ocrx_word' id='word_1_126' title='bbox 835 2240 1011 2304; x_wconf 87' lang='lat' dir='ltr'>archontem</span> <span class='ocrx_word' id='word_1_127' title='bbox 1036 2239 1160 2328; x_wconf 84' lang='grc' dir='ltr'>βασιλέα</span> <span class='ocrx_word' id='word_1_128' title='bbox 1189 2241 1277 2324; x_wconf 82' lang='lat' dir='ltr'>erat),</span> <span class='ocrx_word' id='word_1_129' title='bbox 1308 2247 1368 2307; x_wconf 85' lang='grc' dir='ltr'>τῶν</span> <span class='ocrx_word' id='word_1_130' title='bbox 1398 2246 1432 2309; x_wconf 79' lang='grc' dir='ltr'>δὲ</span> <span class='ocrx_word' id='word_1_131' title='bbox 1458 2246 1671 2335; x_wconf 76' lang='grc' dir='ltr'><strong>θεσμοθετῶν</strong></span> <span class='ocrx_word' id='word_1_132' title='bbox 1697 2259 1754 2340; x_wconf 79' lang='grc' dir='ltr'>πλη</span> 
     </span>
     <span class='ocr_line' id='line_1_16' title="bbox 604 2351 1754 2439; baseline 0.011 -22"><span class='ocrx_word' id='word_1_133' title='bbox 604 2352 735 2439; x_wconf 74' lang='lat' dir='ltr'>pedatus</span> <span class='ocrx_word' id='word_1_134' title='bbox 758 2355 791 2417; x_wconf 81' lang='grc' dir='ltr'>τὸ</span> <span class='ocrx_word' id='word_1_135' title='bbox 815 2354 1004 2437; x_wconf 79' lang='grc' dir='ltr'>δικαστήριον</span> <span class='ocrx_word' id='word_1_136' title='bbox 1028 2351 1098 2435; x_wconf 71' lang='lat' dir='ltr'>Haec</span> <span class='ocrx_word' id='word_1_137' title='bbox 1121 2351 1188 2415; x_wconf 86' lang='lat' dir='ltr'>fieri</span> <span class='ocrx_word' id='word_1_138' title='bbox 1210 2373 1271 2417; x_wconf 89' lang='lat' dir='ltr'>uon</span> <span class='ocrx_word' id='word_1_139' title='bbox 1293 2355 1395 2439; x_wconf 83' lang='lat' dir='ltr'>potuit</span> <span class='ocrx_word' id='word_1_140' title='bbox 1415 2357 1478 2423; x_wconf 86' lang='lat' dir='ltr'>nisi</span> <span class='ocrx_word' id='word_1_141' title='bbox 1501 2380 1570 2428; x_wconf 86' lang='lat' dir='ltr'>uno</span> <span class='ocrx_word' id='word_1_142' title='bbox 1585 2364 1640 2430; x_wconf 86' lang='lat' dir='ltr'>vel</span> <span class='ocrx_word' id='word_1_143' title='bbox 1654 2366 1754 2432; x_wconf 87' lang='lat' dir='ltr'>duobus</span> 
     </span>
     <span class='ocr_line' id='line_1_17' title="bbox 601 2464 1753 2566; baseline 0.01 -38"><span class='ocrx_word' id='word_1_144' title='bbox 601 2469 723 2528; x_wconf 81' lang='lat' dir='ltr'>tautum</span> <span class='ocrx_word' id='word_1_145' title='bbox 745 2464 868 2528; x_wconf 84' lang='lat' dir='ltr'>iudiciis</span> <span class='ocrx_word' id='word_1_146' title='bbox 890 2464 1089 2547; x_wconf 79' lang='lat' dir='ltr'>consiltutis).</span> <span class='ocrx_word' id='word_1_147' title='bbox 1126 2465 1159 2528; x_wconf 84' lang='grc' dir='ltr'>τὸ</span> <span class='ocrx_word' id='word_1_148' title='bbox 1183 2466 1216 2529; x_wconf 66' lang='lat' dir='ltr'>di</span> <span class='ocrx_word' id='word_1_149' title='bbox 1238 2469 1469 2556; x_wconf 84' lang='grc' dir='ltr'>περισχυίνισρα</span> <span class='ocrx_word' id='word_1_150' title='bbox 1493 2474 1556 2538; x_wconf 81' lang='grc' dir='ltr'>ἀπὸ</span> <span class='ocrx_word' id='word_1_151' title='bbox 1582 2481 1753 2566; x_wconf 71' lang='grc' dir='ltr'>πεντήκοντα</span> 
     </span>
     <span class='ocr_line' id='line_1_18' title="bbox 601 2563 1752 2678; baseline 0.017 -38"><span class='ocrx_word' id='word_1_152' title='bbox 601 2563 705 2641; x_wconf 80' lang='grc' dir='ltr'>ποθῶν</span> <span class='ocrx_word' id='word_1_153' title='bbox 735 2576 868 2660; x_wconf 79' lang='grc' dir='ltr'>ἐγένετο·</span> <span class='ocrx_word' id='word_1_154' title='bbox 896 2577 946 2641; x_wconf 86' lang='grc' dir='ltr'>καὶ</span> <span class='ocrx_word' id='word_1_155' title='bbox 975 2578 1003 2639; x_wconf 81' lang='lat' dir='ltr'>el</span> <span class='ocrx_word' id='word_1_156' title='bbox 1031 2576 1173 2662; x_wconf 78' lang='grc' dir='ltr'>ὑπηρέται</span> <span class='ocrx_word' id='word_1_157' title='bbox 1201 2579 1431 2665; x_wconf 77' lang='grc' dir='ltr'>ἐφειστήκεσαν,</span> <span class='ocrx_word' id='word_1_158' title='bbox 1465 2583 1553 2659; x_wconf 84' lang='grc' dir='ltr'>ὅπως</span> <span class='ocrx_word' id='word_1_159' title='bbox 1586 2594 1692 2678; x_wconf 82' lang='grc' dir='ltr'>μηδεὶς</span> <span class='ocrx_word' id='word_1_160' title='bbox 1715 2594 1752 2657; x_wconf 76' lang='grc' dir='ltr'>ἀν</span> 
     </span>
    </p>
   </div>
   <div class='ocr_carea' id='block_1_4' title="bbox 586 2686 1751 4368">
    <p class='ocr_par' dir='ltr' id='par_1_4' title="bbox 588 2686 1751 4128">
     <span class='ocr_line' id='line_1_19' title="bbox 600 2686 1751 2784; baseline 0.017 -31"><span class='ocrx_word' id='word_1_161' title='bbox 600 2686 782 2758; x_wconf 78' lang='grc' dir='ltr'>επόπτευτυς</span> <span class='ocrx_word' id='word_1_162' title='bbox 801 2689 923 2774; x_wconf 76' lang='grc' dir='ltr'>προσίῃ.</span> <span class='ocrx_word' id='word_1_163' title='bbox 957 2687 1044 2763; x_wconf 84' lang='lat' dir='ltr'>Quod</span> <span class='ocrx_word' id='word_1_164' title='bbox 1064 2689 1181 2754; x_wconf 87' lang='lat' dir='ltr'>factum</span> <span class='ocrx_word' id='word_1_165' title='bbox 1202 2711 1267 2755; x_wconf 88' lang='lat' dir='ltr'>esse</span> <span class='ocrx_word' id='word_1_166' title='bbox 1287 2690 1321 2756; x_wconf 94' lang='lat' dir='ltr'>in</span> <span class='ocrx_word' id='word_1_167' title='bbox 1335 2693 1425 2759; x_wconf 89' lang='lat' dir='ltr'>certis</span> <span class='ocrx_word' id='word_1_168' title='bbox 1440 2696 1635 2780; x_wconf 78' lang='lat' dir='ltr'>quibusdam</span> <span class='ocrx_word' id='word_1_169' title='bbox 1656 2704 1751 2784; x_wconf 83' lang='lat' dir='ltr'>caesia,</span> 
     </span>
     <span class='ocr_line' id='line_1_20' title="bbox 599 2799 1750 2905; baseline 0.018 -42"><span class='ocrx_word' id='word_1_170' title='bbox 599 2800 681 2864; x_wconf 90' lang='lat' dir='ltr'>idem</span> <span class='ocrx_word' id='word_1_171' title='bbox 703 2799 814 2865; x_wconf 83' lang='lat' dir='ltr'>Pollux</span> <span class='ocrx_word' id='word_1_172' title='bbox 834 2800 922 2865; x_wconf 87' lang='lat' dir='ltr'>testis</span> <span class='ocrx_word' id='word_1_173' title='bbox 944 2804 991 2865; x_wconf 85' lang='lat' dir='ltr'>est</span> <span class='ocrx_word' id='word_1_174' title='bbox 1011 2800 1092 2884; x_wconf 83' lang='lat' dir='ltr'><strong>VIII,</strong></span> <span class='ocrx_word' id='word_1_175' title='bbox 1118 2803 1193 2865; x_wconf 85' lang='lat'>141:</span> <span class='ocrx_word' id='word_1_176' title='bbox 1216 2806 1432 2892; x_wconf 83' lang='grc' dir='ltr'>περισχοινίσαι</span> <span class='ocrx_word' id='word_1_177' title='bbox 1456 2810 1490 2873; x_wconf 76' lang='grc' dir='ltr'>δὲ</span> <span class='ocrx_word' id='word_1_178' title='bbox 1505 2811 1540 2876; x_wconf 84' lang='grc' dir='ltr'>τὸ</span> <span class='ocrx_word' id='word_1_179' title='bbox 1556 2815 1750 2905; x_wconf 74' lang='grc' dir='ltr'>δικαστήριον,</span> 
     </span>
     <span class='ocr_line' id='line_1_21' title="bbox 602 2911 1749 3007; baseline 0.015 -32"><span class='ocrx_word' id='word_1_180' title='bbox 602 2911 691 2977; x_wconf 81' lang='grc' dir='ltr'>ὁπότε</span> <span class='ocrx_word' id='word_1_181' title='bbox 713 2916 779 3002; x_wconf 84' lang='grc' dir='ltr'>περὶ</span> <span class='ocrx_word' id='word_1_182' title='bbox 803 2917 954 3000; x_wconf 80' lang='grc' dir='ltr'>μυστικῶν</span> <span class='ocrx_word' id='word_1_183' title='bbox 978 2916 1144 2994; x_wconf 74' lang='grc' dir='ltr'>δικάζοιεν,</span> <span class='ocrx_word' id='word_1_184' title='bbox 1170 2914 1218 2981; x_wconf 76' lang='grc' dir='ltr'>ἵνα</span> <span class='ocrx_word' id='word_1_185' title='bbox 1248 2917 1288 3001; x_wconf 80' lang='grc' dir='ltr'>μὴ</span> <span class='ocrx_word' id='word_1_186' title='bbox 1313 2919 1424 3004; x_wconf 87' lang='grc' dir='ltr'>πρυσίη</span> <span class='ocrx_word' id='word_1_187' title='bbox 1451 2924 1557 3007; x_wconf 82' lang='grc' dir='ltr'>μηθεὶς</span> <span class='ocrx_word' id='word_1_188' title='bbox 1582 2929 1749 2996; x_wconf 53' lang='lat' dir='ltr'>&amp;cadmo</span> 
     </span>
     <span class='ocr_line' id='line_1_22' title="bbox 597 3024 1748 3112; baseline 0.017 -23"><span class='ocrx_word' id='word_1_189' title='bbox 597 3048 648 3096; x_wconf 85' lang='grc' dir='ltr'>τος</span> <span class='ocrx_word' id='word_1_190' title='bbox 664 3026 739 3091; x_wconf 77' lang='grc' dir='ltr'>ὤν·</span> <span class='ocrx_word' id='word_1_191' title='bbox 767 3025 894 3089; x_wconf 90' lang='lat' dir='ltr'>Iudiciis</span> <span class='ocrx_word' id='word_1_192' title='bbox 921 3024 1017 3107; x_wconf 86' lang='lat' dir='ltr'>igitur</span> <span class='ocrx_word' id='word_1_193' title='bbox 1044 3031 1081 3089; x_wconf 87' lang='lat' dir='ltr'>ut</span> <span class='ocrx_word' id='word_1_194' title='bbox 1108 3026 1154 3090; x_wconf 83' lang='lat' dir='ltr'>ita</span> <span class='ocrx_word' id='word_1_195' title='bbox 1183 3026 1283 3091; x_wconf 88' lang='lat' dir='ltr'>dicam</span> <span class='ocrx_word' id='word_1_196' title='bbox 1305 3030 1494 3112; x_wconf 84' lang='lat' dir='ltr'>quotidianis</span> <span class='ocrx_word' id='word_1_197' title='bbox 1517 3039 1654 3106; x_wconf 90' lang='lat' dir='ltr'>cancelli</span> <span class='ocrx_word' id='word_1_198' title='bbox 1672 3041 1748 3108; x_wconf 86' lang='lat' dir='ltr'>aulfl-</span> 
     </span>
     <span class='ocr_line' id='line_1_23' title="bbox 597 3137 1747 3232; baseline 0.017 -31"><span class='ocrx_word' id='word_1_199' title='bbox 597 3137 733 3218; x_wconf 82' lang='lat' dir='ltr'>ciebant3</span> <span class='ocrx_word' id='word_1_200' title='bbox 756 3137 817 3203; x_wconf 90' lang='lat' dir='ltr'>ista</span> <span class='ocrx_word' id='word_1_201' title='bbox 837 3157 909 3203; x_wconf 87' lang='lat' dir='ltr'>vero</span> <span class='ocrx_word' id='word_1_202' title='bbox 932 3137 1157 3223; x_wconf 82' lang='lat' dir='ltr'>circumseptis,</span> <span class='ocrx_word' id='word_1_203' title='bbox 1178 3140 1212 3203; x_wconf 85' lang='grc' dir='ltr'>τὸ</span> <span class='ocrx_word' id='word_1_204' title='bbox 1235 3143 1476 3231; x_wconf 83' lang='grc' dir='ltr'>περισχοίνισρα,</span> <span class='ocrx_word' id='word_1_205' title='bbox 1498 3159 1747 3232; x_wconf 77' lang='lat' dir='ltr'>argumentoest,</span> 
     </span>
     <span class='ocr_line' id='line_1_24' title="bbox 596 3248 1746 3337; baseline 0.014 -23"><span class='ocrx_word' id='word_1_206' title='bbox 596 3250 758 3315; x_wconf 86' lang='lat' dir='ltr'>dicasteria</span> <span class='ocrx_word' id='word_1_207' title='bbox 785 3248 938 3314; x_wconf 85' lang='lat' dir='ltr'>subdialia</span> <span class='ocrx_word' id='word_1_208' title='bbox 963 3250 1074 3333; x_wconf 83' lang='lat' dir='ltr'>fuisse,</span> <span class='ocrx_word' id='word_1_209' title='bbox 1103 3256 1196 3335; x_wconf 70' lang='lat' dir='ltr'>atqie</span> <span class='ocrx_word' id='word_1_210' title='bbox 1222 3252 1333 3337; x_wconf 82' lang='lat' dir='ltr'>vulgus</span> <span class='ocrx_word' id='word_1_211' title='bbox 1362 3255 1400 3319; x_wconf 86' lang='lat' dir='ltr'>ad</span> <span class='ocrx_word' id='word_1_212' title='bbox 1428 3259 1580 3326; x_wconf 88' lang='lat' dir='ltr'>canceHes</span> <span class='ocrx_word' id='word_1_213' title='bbox 1610 3266 1746 3332; x_wconf 86' lang='lat' dir='ltr'>accedens</span> 
     </span>
     <span class='ocr_line' id='line_1_25' title="bbox 595 3362 1747 3457; baseline 0.018 -31"><span class='ocrx_word' id='word_1_214' title='bbox 595 3383 650 3448; x_wconf 92' lang='lat' dir='ltr'>per</span> <span class='ocrx_word' id='word_1_215' title='bbox 671 3383 782 3446; x_wconf 89' lang='lat' dir='ltr'>eosque</span> <span class='ocrx_word' id='word_1_216' title='bbox 804 3362 831 3427; x_wconf 92' lang='lat' dir='ltr'>si</span> <span class='ocrx_word' id='word_1_217' title='bbox 853 3362 920 3435; x_wconf 84' lang='lat' dir='ltr'>fieri</span> <span class='ocrx_word' id='word_1_218' title='bbox 941 3369 1043 3448; x_wconf 86' lang='lat' dir='ltr'>posset</span> <span class='ocrx_word' id='word_1_219' title='bbox 1063 3363 1201 3428; x_wconf 88' lang='lat' dir='ltr'>tribunal</span> <span class='ocrx_word' id='word_1_220' title='bbox 1223 3371 1254 3429; x_wconf 86' lang='lat' dir='ltr'>et</span> <span class='ocrx_word' id='word_1_221' title='bbox 1280 3366 1397 3433; x_wconf 85' lang='lat' dir='ltr'>iudices</span> <span class='ocrx_word' id='word_1_222' title='bbox 1425 3372 1620 3457; x_wconf 82' lang='lat' dir='ltr'>conspiciens</span> <span class='ocrx_word' id='word_1_223' title='bbox 1644 3399 1747 3446; x_wconf 66' lang='lat' dir='ltr'>causa</span> 
     </span>
     <span class='ocr_line' id='line_1_26' title="bbox 593 3473 1745 3578; baseline 0.016 -42"><span class='ocrx_word' id='word_1_224' title='bbox 593 3473 767 3559; x_wconf 89' lang='lat' dir='ltr'>iudicioque</span> <span class='ocrx_word' id='word_1_225' title='bbox 789 3474 936 3539; x_wconf 84' lang='lat' dir='ltr'>intererat</span> <span class='ocrx_word' id='word_1_226' title='bbox 962 3476 1083 3541; x_wconf 90' lang='lat' dir='ltr'>auditor</span> <span class='ocrx_word' id='word_1_227' title='bbox 1108 3478 1254 3543; x_wconf 85' lang='lat' dir='ltr'>occultus.</span> <span class='ocrx_word' id='word_1_228' title='bbox 1300 3479 1341 3545; x_wconf 83' lang='lat' dir='ltr'>Ta</span> <span class='ocrx_word' id='word_1_229' title='bbox 1364 3485 1600 3574; x_wconf 83' lang='grc' dir='ltr'>περισχυίνισρα</span> <span class='ocrx_word' id='word_1_230' title='bbox 1624 3475 1745 3578; x_wconf 79' lang='lat' dir='ltr'>denique</span> 
     </span>
     <span class='ocr_line' id='line_1_27' title="bbox 593 3585 1745 3687; baseline 0.017 -39"><span class='ocrx_word' id='word_1_231' title='bbox 593 3585 687 3650; x_wconf 83' lang='lat' dir='ltr'>etiam</span> <span class='ocrx_word' id='word_1_232' title='bbox 719 3587 753 3651; x_wconf 92' lang='lat' dir='ltr'>in</span> <span class='ocrx_word' id='word_1_233' title='bbox 781 3587 977 3653; x_wconf 89' lang='lat' dir='ltr'>concionibus</span> <span class='ocrx_word' id='word_1_234' title='bbox 1005 3589 1179 3655; x_wconf 86' lang='lat' dir='ltr'>adhibitum</span> <span class='ocrx_word' id='word_1_235' title='bbox 1212 3613 1292 3674; x_wconf 88' lang='lat' dir='ltr'>esse,</span> <span class='ocrx_word' id='word_1_236' title='bbox 1323 3598 1360 3657; x_wconf 92' lang='lat' dir='ltr'>ut</span> <span class='ocrx_word' id='word_1_237' title='bbox 1386 3601 1507 3680; x_wconf 82' lang='lat' dir='ltr'>praeter</span> <span class='ocrx_word' id='word_1_238' title='bbox 1540 3603 1693 3687; x_wconf 84' lang='lat' dir='ltr'>canoeHoa</span> <span class='ocrx_word' id='word_1_239' title='bbox 1718 3604 1745 3672; x_wconf 88' lang='lat' dir='ltr'>in</span> 
     </span>
     <span class='ocr_line' id='line_1_28' title="bbox 591 3697 1744 3805; baseline 0.018 -45"><span class='ocrx_word' id='word_1_240' title='bbox 591 3697 724 3780; x_wconf 81' lang='lat' dir='ltr'>iudiciis,</span> <span class='ocrx_word' id='word_1_241' title='bbox 747 3700 835 3765; x_wconf 86' lang='lat' dir='ltr'>Dem.</span> <span class='ocrx_word' id='word_1_242' title='bbox 857 3707 988 3766; x_wconf 78' lang='lat' dir='ltr'>testatur</span> <span class='ocrx_word' id='word_1_243' title='bbox 1003 3705 1078 3769; x_wconf 84' lang='grc' dir='ltr'>κατὰ</span> <span class='ocrx_word' id='word_1_244' title='bbox 1090 3701 1242 3792; x_wconf 78' lang='grc' dir='ltr'>Ἀριστυη.</span> <span class='ocrx_word' id='word_1_245' title='bbox 1257 3703 1289 3769; x_wconf 81' lang='grc' dir='ltr'>α’</span> <span class='ocrx_word' id='word_1_246' title='bbox 1314 3727 1344 3791; x_wconf 87' lang='lat' dir='ltr'>p.</span> <span class='ocrx_word' id='word_1_247' title='bbox 1360 3708 1438 3771; x_wconf 75' lang='lat'><strong>776:</strong></span> <span class='ocrx_word' id='word_1_248' title='bbox 1461 3709 1495 3773; x_wconf 84' lang='grc' dir='ltr'>τὸ</span> <span class='ocrx_word' id='word_1_249' title='bbox 1509 3712 1565 3797; x_wconf 79' lang='grc' dir='ltr'>τὴν</span> <span class='ocrx_word' id='word_1_250' title='bbox 1581 3715 1616 3789; x_wconf 79' lang='grc' dir='ltr'>ἐξ</span> <span class='ocrx_word' id='word_1_251' title='bbox 1630 3716 1744 3805; x_wconf 77' lang='grc' dir='ltr'>Ἀρείου</span> 
     </span>
     <span class='ocr_line' id='line_1_29' title="bbox 590 3813 1744 3916; baseline 0.017 -41"><span class='ocrx_word' id='word_1_252' title='bbox 590 3813 689 3896; x_wconf 78' lang='grc' dir='ltr'>πάγου</span> <span class='ocrx_word' id='word_1_253' title='bbox 714 3816 844 3901; x_wconf 81' lang='grc' dir='ltr'>βουλήν,</span> <span class='ocrx_word' id='word_1_254' title='bbox 873 3814 942 3880; x_wconf 78' lang='grc' dir='ltr'>ὅταν</span> <span class='ocrx_word' id='word_1_255' title='bbox 965 3815 996 3880; x_wconf 86' lang='grc' dir='ltr'>ἐν</span> <span class='ocrx_word' id='word_1_256' title='bbox 1019 3823 1061 3900; x_wconf 80' lang='grc' dir='ltr'>τηῙ</span> <span class='ocrx_word' id='word_1_257' title='bbox 1085 3817 1227 3905; x_wconf 80' lang='grc' dir='ltr'>βασιλείῳ</span> <span class='ocrx_word' id='word_1_258' title='bbox 1252 3824 1328 3904; x_wconf 78' lang='grc' dir='ltr'>στοᾷ</span> <span class='ocrx_word' id='word_1_259' title='bbox 1354 3820 1546 3909; x_wconf 76' lang='grc' dir='ltr'>καθεζομένη</span> <span class='ocrx_word' id='word_1_260' title='bbox 1570 3830 1744 3916; x_wconf 85' lang='grc' dir='ltr'>περισχοινί-</span> 
     </span>
     <span class='ocr_line' id='line_1_30' title="bbox 591 3927 1744 4016; baseline 0.015 -28"><span class='ocrx_word' id='word_1_261' title='bbox 591 3949 687 4010; x_wconf 87' lang='grc' dir='ltr'>σηται,</span> <span class='ocrx_word' id='word_1_262' title='bbox 709 3927 784 3991; x_wconf 86' lang='grc' dir='ltr'>κατὰ</span> <span class='ocrx_word' id='word_1_263' title='bbox 806 3930 923 4012; x_wconf 85' lang='grc' dir='ltr'>πολλὴν</span> <span class='ocrx_word' id='word_1_264' title='bbox 946 3928 1078 4014; x_wconf 71' lang='grc' dir='ltr'>ἡσυχίαν</span> <span class='ocrx_word' id='word_1_265' title='bbox 1102 3928 1153 4015; x_wconf 82' lang='grc' dir='ltr'>ἐφ’</span> <span class='ocrx_word' id='word_1_266' title='bbox 1183 3932 1295 4016; x_wconf 79' lang='grc' dir='ltr'>ἑαυτῆς</span> <span class='ocrx_word' id='word_1_267' title='bbox 1322 3930 1399 3997; x_wconf 78' lang='grc' dir='ltr'>εἶναι</span> <span class='ocrx_word' id='word_1_268' title='bbox 1427 3935 1477 3999; x_wconf 87' lang='grc' dir='ltr'>καὶ</span> <span class='ocrx_word' id='word_1_269' title='bbox 1499 3934 1638 4012; x_wconf 83' lang='grc' dir='ltr'>ἅπαντας</span> <span class='ocrx_word' id='word_1_270' title='bbox 1665 3943 1744 4007; x_wconf 68' lang='lat' dir='ltr'>dane·</span> 
     </span>
     <span class='ocr_line' id='line_1_31' title="bbox 588 4040 854 4128; baseline -0.004 -24"><span class='ocrx_word' id='word_1_271' title='bbox 588 4040 648 4106; x_wconf 76' lang='lat' dir='ltr'>aas</span> <span class='ocrx_word' id='word_1_272' title='bbox 670 4040 854 4128; x_wconf 84' lang='grc' dir='ltr'>ἀποχωρεῖν.</span> 
     </span>
    </p>

    <p class='ocr_par' dir='ltr' id='par_1_5' title="bbox 586 4134 1743 4368">
     <span class='ocr_line' id='line_1_32' title="bbox 638 4134 1742 4246; baseline 0.014 -30"><span class='ocrx_word' id='word_1_273' title='bbox 638 4134 656 4194; x_wconf 64' lang='lat' dir='ltr'>s</span> <span class='ocrx_word' id='word_1_274' title='bbox 672 4151 755 4217; x_wconf 86' lang='lat' dir='ltr'><strong>XIX.</strong></span> <span class='ocrx_word' id='word_1_275' title='bbox 798 4152 860 4218; x_wconf 91' lang='lat' dir='ltr'>Nos</span> <span class='ocrx_word' id='word_1_276' title='bbox 888 4173 1010 4238; x_wconf 91' lang='lat' dir='ltr'>quoque</span> <span class='ocrx_word' id='word_1_277' title='bbox 1037 4152 1218 4218; x_wconf 87' lang='lat' dir='ltr'>accedamus</span> <span class='ocrx_word' id='word_1_278' title='bbox 1246 4155 1286 4219; x_wconf 92' lang='lat' dir='ltr'>ad</span> <span class='ocrx_word' id='word_1_279' title='bbox 1312 4155 1432 4241; x_wconf 87' lang='lat' dir='ltr'>reliqua</span> <span class='ocrx_word' id='word_1_280' title='bbox 1460 4158 1553 4246; x_wconf 80' lang='grc' dir='ltr'>σκεύη</span> <span class='ocrx_word' id='word_1_281' title='bbox 1582 4164 1742 4245; x_wconf 82' lang='grc' dir='ltr'>θικυιστικιί,</span> 
     </span>
     <span class='ocr_line' id='line_1_33' title="bbox 586 4264 1743 4368; baseline 0.014 -38"><span class='ocrx_word' id='word_1_282' title='bbox 586 4266 742 4332; x_wconf 87' lang='lat' dir='ltr'>Pollucem</span> <span class='ocrx_word' id='word_1_283' title='bbox 765 4271 935 4349; x_wconf 84' lang='lat' dir='ltr'>sequentes,</span> <span class='ocrx_word' id='word_1_284' title='bbox 959 4265 1013 4348; x_wconf 90' lang='lat' dir='ltr'>qui</span> <span class='ocrx_word' id='word_1_285' title='bbox 1027 4264 1109 4346; x_wconf 81' lang='lat' dir='ltr'><strong>VIII,</strong></span> <span class='ocrx_word' id='word_1_286' title='bbox 1135 4267 1173 4330; x_wconf 88' lang='grc'>16</span> <span class='ocrx_word' id='word_1_287' title='bbox 1190 4274 1350 4332; x_wconf 85' lang='lat' dir='ltr'>enumerat</span> <span class='ocrx_word' id='word_1_288' title='bbox 1370 4269 1459 4334; x_wconf 86' lang='lat' dir='ltr'>haec:</span> <span class='ocrx_word' id='word_1_289' title='bbox 1483 4272 1576 4358; x_wconf 81' lang='grc' dir='ltr'>σκεύη</span> <span class='ocrx_word' id='word_1_290' title='bbox 1593 4277 1743 4368; x_wconf 63' lang='lat' dir='ltr'>draconti</span> 
     </span>
    </p>
   </div>
   <div class='ocr_carea' id='block_1_5' title="bbox 588 4369 1742 4474">
    <p class='ocr_par' dir='ltr' id='par_1_6' title="bbox 588 4369 1742 4474">
     <span class='ocr_line' id='line_1_34' title="bbox 588 4369 1742 4474; baseline 0.013 -30"><span class='ocrx_word' id='word_1_291' title='bbox 588 4381 752 4469; x_wconf 78' lang='grc' dir='ltr'>σύμβολον,</span> <span class='ocrx_word' id='word_1_292' title='bbox 776 4379 930 4467; x_wconf 73' lang='grc' dir='ltr'>βακτηρία,</span> <span class='ocrx_word' id='word_1_293' title='bbox 952 4379 1087 4441; x_wconf 83' lang='grc' dir='ltr'>πινάκιον</span> <span class='ocrx_word' id='word_1_294' title='bbox 1101 4369 1274 4465; x_wconf 74' lang='grc' dir='ltr'>τιμητικόν,</span> <span class='ocrx_word' id='word_1_295' title='bbox 1300 4381 1413 4468; x_wconf 81' lang='grc' dir='ltr'>ράλθη,</span> <span class='ocrx_word' id='word_1_296' title='bbox 1436 4378 1459 4467; x_wconf 70' lang='grc' dir='ltr'>ᾖ</span> <span class='ocrx_word' id='word_1_297' title='bbox 1483 4389 1742 4474; x_wconf 77' lang='grc' dir='ltr'>καταλήλιπτυ,τλ</span> 
     </span>
    </p>
   </div>
   <div class='ocr_carea' id='block_1_6' title="bbox 584 4486 1742 4588">
    <p class='ocr_par' dir='ltr' id='par_1_7' title="bbox 460 4486 1742 4588">
     <span class='ocr_line' id='line_1_35' title="bbox 584 4486 1742 4588; baseline 0.016 -39.969"><span class='ocrx_word' id='word_1_298' title='bbox 584 4495 729 4570; x_wconf 80' lang='grc' dir='ltr'>πινάκιον,</span> <span class='ocrx_word' id='word_1_299' title='bbox 753 4492 910 4578; x_wconf 79' lang='grc' dir='ltr'>ἐγκεντρίς,</span> <span class='ocrx_word' id='word_1_300' title='bbox 932 4486 959 4575; x_wconf 74' lang='grc' dir='ltr'>ᾗ</span> <span class='ocrx_word' id='word_1_301' title='bbox 979 4491 1079 4557; x_wconf 78' lang='grc' dir='ltr'>εἷλκον</span> <span class='ocrx_word' id='word_1_302' title='bbox 1102 4494 1157 4577; x_wconf 80' lang='grc' dir='ltr'>τὴν</span> <span class='ocrx_word' id='word_1_303' title='bbox 1180 4497 1323 4580; x_wconf 78' lang='grc' dir='ltr'>γραμμήν</span> <span class='ocrx_word' id='word_1_304' title='bbox 1347 4494 1471 4581; x_wconf 82' lang='grc' dir='ltr'>(ριακρυλΙ</span> <span class='ocrx_word' id='word_1_305' title='bbox 1485 4498 1519 4560; x_wconf 81' lang='grc' dir='ltr'>δὲ</span> <span class='ocrx_word' id='word_1_306' title='bbox 1540 4499 1689 4572; x_wconf 74' lang='grc' dir='ltr'>ἐκαλεῖτο</span> <span class='ocrx_word' id='word_1_307' title='bbox 1708 4503 1742 4588; x_wconf 76' lang='grc' dir='ltr'>ἣν</span> 
     </span>
    </p>
   </div>
   <div class='ocr_carea' id='block_1_7' title="bbox 583 4591 1743 4699">
    <p class='ocr_par' dir='ltr' id='par_1_8' title="bbox 583 4591 1743 4699">
     <span class='ocr_line' id='line_1_36' title="bbox 583 4591 1743 4699; baseline 0.012 -32"><span class='ocrx_word' id='word_1_308' title='bbox 583 4591 980 4688; x_wconf 74' lang='grc' dir='ltr'>καταδικάζυντεςείλκυν),</span> <span class='ocrx_word' id='word_1_309' title='bbox 1005 4610 1117 4691; x_wconf 76' lang='grc' dir='ltr'>ψῆφος,</span> <span class='ocrx_word' id='word_1_310' title='bbox 1140 4608 1280 4693; x_wconf 77' lang='grc' dir='ltr'>χοιρίναι</span> <span class='ocrx_word' id='word_1_311' title='bbox 1298 4626 1301 4630; x_wconf 93' lang='grc'><strong><em>·</em></strong></span> <span class='ocrx_word' id='word_1_312' title='bbox 1319 4607 1356 4670; x_wconf 93' lang='lat' dir='ltr'>In</span> <span class='ocrx_word' id='word_1_313' title='bbox 1377 4607 1426 4671; x_wconf 87' lang='lat' dir='ltr'>his</span> <span class='ocrx_word' id='word_1_314' title='bbox 1448 4610 1743 4699; x_wconf 70' lang='lat' dir='ltr'>omisiderquibua</span> 
     </span>
    </p>
   </div>
   <div class='ocr_carea' id='block_1_8' title="bbox 0 0 2246 5467">
    <p class='ocr_par' dir='ltr' id='par_1_9' title="bbox 0 0 2246 5467">
     <span class='ocr_line' id='line_1_37' title="bbox 0 0 2246 5467; baseline 0 14"><span class='ocrx_word' id='word_1_315' title='bbox 0 0 2246 5467; x_wconf 95' lang='lat' dir='ltr'> </span> 
     </span>
    </p>
   </div>
  </div>
 </body>
</html>
