4484 5467
755 638 799 691 DE
818 638 975 693 TEMPORE
993 640 1151 695 FABVLAE
1169 642 1354 697 VESPARVM
1371 645 1483 700 ACTAE
1656 651 1694 715 13

832 808 1028 896 Κωμασταῖς.
1064 813 1155 904 ὑπικρ
1167 861 1276 878 ......

831 921 1049 1009 Ἀριστοφάνης
1072 925 1209 1011 δεύτερος
1226 924 1343 1013 Ὄρνισι

833 1036 933 1121 ὑπεκρ.
966 1034 1191 1123 Καλλίστρατος

827 1147 986 1237 ,Φρύνιχος
1006 1148 1103 1234 τρίτος
1125 1148 1313 1234 Μονοτρόπῳ

834 1257 925 1342 ὑπεκρ
938 1304 1047 1321 ......

536 1372 576 1436 In
599 1371 690 1434 hunc·
703 1368 829 1433 modum
843 1370 948 1433 omnia
968 1371 996 1435 si
1017 1370 1169 1455 redegeris
1191 1372 1370 1456 fragmenta,
1393 1393 1523 1457 quorum
1538 1382 1696 1459 praestan·

536 1482 698 1545 tissimum
720 1501 804 1544 nunc
825 1486 929 1545 extare
943 1472 1065 1547 videtur
1086 1482 1120 1547 in
1136 1489 1315 1567 argumente
1337 1484 1376 1548 ad
1391 1483 1514 1570 Septem
1532 1485 1600 1550 adv.
1615 1487 1696 1551 The-

538 1598 609 1673 bas,
643 1594 731 1659 facile
759 1593 897 1677 regulam
920 1594 1075 1679 quandam
1096 1596 1227 1682 reperies
1250 1617 1269 1661 a
1290 1597 1496 1678 grammaticis
1518 1597 1698 1664 destitutam

537 1712 571 1771 et
586 1706 794 1792 disperditam.
830 1705 973 1791 Reliquos
988 1707 1094 1773 titulos
1116 1728 1200 1773 nunc
1221 1709 1342 1774 omitto:
1364 1729 1498 1793 namque
1511 1710 1566 1775 No.
1581 1712 1644 1776 229
1667 1719 1698 1775 et

539 1820 614 1899 230,
638 1818 749 1903 quibus
771 1819 941 1884 Boeclrhius
968 1821 1121 1903 egregiam
1142 1842 1231 1886 suam
1254 1820 1291 1884 de
1319 1820 1494 1886 didascaliis
1516 1821 1697 1907 disputatio-

537 1951 613 1994 nem
640 1929 798 2008 adinnxit‚
828 1951 890 1994 non
912 1930 1097 2006 didascalica
1115 1952 1154 1995 ex
1175 1932 1273 2017 ipsius
1295 1931 1422 2012 iudicio,
1451 1915 1505 1997 sed
1526 1926 1697 2017 catalogum

538 2042 715 2107 fabularum
738 2041 930 2126 quorundam
958 2047 1118 2127 poetarum
1140 2042 1300 2122 exhibent3
1328 2042 1480 2128 plurium,
1508 2050 1544 2109 ut
1565 2045 1696 2124 videtur,

539 2174 730 2239 quamquam
748 2151 917 2217 Bocckhius
941 2152 979 2215 ad
1002 2154 1077 2217 229:
1104 2152 1252 2238 „quodsi
1273 2154 1350 2217 varii
1368 2161 1474 2239 poetae
1495 2155 1551 2220 hoc
1570 2176 1696 2223 recensu

538 2265 779 2357 continerentur,
801 2264 884 2328 inter
906 2263 1060 2328 archontis
1081 2264 1262 2349 fabulaeque
1277 2265 1404 2330 nomina
1425 2267 1611 2332 intercedere
1625 2291 1696 2354 poe·

537 2384 597 2441 tae
612 2388 724 2440 nomen
747 2376 904 2439 debebat“.
948 2375 991 2438 At
1012 2395 1040 2439 v.
1059 2375 1098 2439 13
1114 2376 1291 2441 nominatur
1305 2367 1504 2460 Morychides‚
1526 2380 1579 2463 qni
1591 2379 1696 2464 Olym·

537 2486 640 2573 piadis
662 2488 713 2565 85,
733 2489 749 2550 1
773 2486 842 2564 fuit,
864 2506 893 2549 v.
912 2488 959 2549 ll.
981 2485 1133 2550 Nicoteles
1155 2485 1275 2572 Olymp.
1291 2490 1343 2566 97,
1368 2490 1404 2568 ‘23
1426 2489 1461 2552 in
1483 2490 1577 2555 altero
1592 2497 1695 2556 autam
1751 2476 1754 2481 ⁵

537 2599 633 2664 titulo
660 2618 812 2663 annorum
839 2597 912 2661 ordo
939 2617 1036 2681 quum
1062 2604 1202 2661 servatus
1225 2619 1287 2663 non
1314 2599 1370 2677 sit,
1397 2601 1552 2684 probabile
1574 2609 1620 2667 est
1642 2611 1697 2669 aut

539 2712 731 2777 diversorum
753 2717 912 2796 poetarum
935 2710 1054 2775 fabulas
1076 2710 1235 2788 recenseri,
1258 2716 1313 2775 eut
1334 2714 1513 2797 superstites
1535 2715 1696 2800 aperditis

538 2826 679 2908 seiungi.¹
841 2811 848 2820 ⁸

626 2937 693 3001 ΧΗ.
722 2918 837 3001 ¹Huius
859 2935 942 3000 modi
964 2935 1059 3018 igitur
1081 2935 1265 2999 didascalica
1285 2943 1499 3017 monumenta,
1521 2940 1587 3003 sive
1608 2959 1696 3025 sepa-

515 3074 517 3078 ·
539 3050 633 3115 ratim
644 3050 770 3113 fuerunt
784 3047 964 3133 conscripta,
980 3053 1016 3111 ut
1030 3046 1241 3130 unusquisque
1256 3066 1357 3110 annue
1372 3054 1515 3130 quattuor
1530 3051 1694 3133 exhiberet,

538 3163 605 3227 sive
634 3160 826 3243 singulorum
847 3158 1043 3223 sollemnium
1066 3179 1130 3223 una
1157 3160 1344 3246 conscripta,
1371 3159 1453 3224 unde
1481 3160 1559 3225 duee
1587 3164 1696 3230 fierent

539 3273 679 3350 tabulae,
713 3273 778 3336 sive
815 3270 958 3334 binorum
994 3292 1145 3335 annorum
1179 3272 1341 3337 coniuncta
1378 3272 1417 3335 ad
1449 3273 1574 3337 modum
1611 3276 1696 3340 tituli

537 3384 576 3448 N.
606 3384 695 3461 2315
719 3384 784 3447 sive
810 3380 949 3466 plurium
977 3383 1083 3462 etiam3
1118 3382 1192 3446 haec
1221 3384 1346 3466 inquam
1376 3383 1559 3448 didascalica
1586 3407 1698 3451 ιιιοῐιιι-7

537 3502 645 3561 menta
672 3496 710 3560 ab
738 3493 901 3559 Aristotele
928 3492 1068 3573 collecta,
1103 3494 1264 3579 disposita,
1301 3495 1335 3558 in
1354 3515 1461 3559 unum
1489 3516 1597 3581 corpus
1624 3518 1696 3562 con-

538 3598 647 3672 iuncta
668 3627 742 3686 esse,
764 3606 869 3691 opinio
890 3606 949 3670 fert
969 3607 1118 3684 omnium,
1147 3606 1255 3671 multis
1277 3605 1331 3671 illa
1352 3614 1491 3672 veterum
1512 3611 1696 3675 testimoniis

537 3721 662 3805 stipata.
699 3718 783 3804 Opus
799 3719 881 3783 enim
905 3722 1106 3784 διδασκαλιῶν
1130 3721 1218 3802 qnasi
1239 3719 1355 3784 iontem
1368 3726 1468 3803 'etque
1483 3721 1696 3786 auctoritatem

536 3831 632 3904 luisse
655 3830 797 3895 omnibns
824 3830 872 3895 vel
895 3851 933 3894 er
955 3852 989 3896 eo
1011 3835 1110 3916 patet,
1140 3832 1220 3914 qued
1249 3832 1427 3916 saepissime
1449 3852 1467 3895 e
1489 3836 1696 3927 grammaticis

537 3944 660 4009 citatur.
705 3942 791 4019 Quod
820 3962 881 4026 qua
909 3942 1027 4007 ratione
1054 3942 1258 4028 compositum
1286 3943 1393 4021 fuerit,
1422 3963 1505 4007 nnnc
1527 3943 1695 4010 videamus.

537 4056 630 4120 Liber
647 4053 744 4136 igitur
766 4058 968 4119 διδασκαλιῶν
990 4059 1045 4118 aut
1066 4052 1193 4117 annales
1215 4053 1391 4124 continebat
1413 4054 1618 4134 didascalicos,
1642 4062 1696 4120 aut

537 4164 720 4249 catalogum.
744 4164 869 4229 ·Euerit
890 4185 959 4248 ergo
982 4171 1037 4229 aut
1058 4170 1236 4250 conspectus
1257 4164 1430 4229 fabularum
1452 4165 1583 4247 singulis
1605 4167 1700 4231 annis.

537 4277 787 4355 commissarum,
806 4299 898 4364 supra
911 4278 1023 4362 scripto
1044 4276 1161 4341 scilicet
1181 4276 1326 4362 cponymi
1347 4278 1481 4354 nomine,
1504 4277 1584 4361 quod
1606 4278 1694 4359 quasi

537 4390 650 4457 titulus
666 4396 745 4452 esset
760 4389 934 4454 fabularum
950 4388 1056 4453 eodem
1070 4409 1152 4452 anno
1163 4394 1311 4466 actarum,
1334 4394 1389 4451 ent
1404 4388 1559 4470 catalogus
1573 4387 1694 4454 fabula-

538 4523 619 4579 rum,
636 4507 784 4585 quotquot
798 4498 1033 4586 singulipoetee
1048 4500 1222 4577 docuerant,
1237 4520 1331 4585 supra
1344 4499 1456 4583 scripto
1470 4504 1577 4582 poetae
1592 4501 1695 4566 cuius·

539 4633 599 4698 qne
614 4612 747 4677 nomine.¹
791 4613 937 4697 Utraque,
961 4632 1053 4695 quam
1069 4613 1143 4690 dixi,
1160 4612 1232 4676 libri
1254 4613 1352 4676 forma
1367 4611 1441 4675 satis
1455 4610 1548 4701 babet
1562 4614 1694 4678 auctori-
