4484 5467
1076 420 1274 480 ΣΦΗΚΕΣ

752 601 816 667 ἀλλ’
843 601 869 664 ὦ
892 600 1090 686 πολυτίμητοι
1114 601 1180 663 θεοὶ
1204 598 1352 684 ξύγγνωτέ
1376 620 1444 686 μοι·

752 712 835 776 ἄκων
856 712 914 798 γὰρ
937 709 1005 776 αὕτ’
1032 710 1147 797 ἔδρασα
1170 710 1226 775 κοῦ
1250 711 1367 795 τούμοῦ
1391 708 1514 797 τρόπου.

1055 834 1291 893 ΒΔΕΛΪΚΛΕΩΝ.

750 938 799 1000 καὶ
823 936 916 1021 μηδὲν
939 937 1095 1019 ἀγανάκτει
1116 934 1164 1018 γ’·
1186 936 1247 1019 ἐγὼ
1268 937 1326 1021 γάρ
1350 935 1381 998 σ’
1408 935 1433 997 ὦ
1456 936 1548 1021 πάτερ

750 1047 857 1134 θρέψω
880 1051 991 1124 καλῶς,
1014 1046 1096 1131 ἄγων
1121 1046 1185 1131 μετ’
1211 1048 1345 1133 ἐμαυτοῦ
1369 1050 1535 1133 πανταχοῦ,

650 1178 660 1204 ³
751 1162 799 1224 ἐπὶ
822 1162 950 1236 δεῖπνον,
972 1159 1013 1227 εἰς
1037 1156 1213 1243 ξυμπόσιον,
1235 1160 1284 1223 ἐπὶ
1305 1159 1447 1246 θεωρίαν,

751 1271 831 1336 ὥσθ’
854 1272 953 1358 ἡδέως
976 1273 1085 1355 διάγειν
1108 1294 1143 1334 σε
1164 1273 1215 1335 τὸν
1239 1272 1343 1336 λοιπὸν
1364 1270 1489 1358 χρόνον·

749 1384 826 1447 κοῦκ
848 1383 1015 1469 ἐγχανεῖταί
1037 1382 1067 1446 α’
1094 1384 1252 1455 ἐξαπατῶν
1271 1383 1468 1472 Ὑπέρβολος.

751 1496 815 1560 ἀλλ’
841 1496 991 1581 εἰσίωμεν.

1070 1620 1277 1680 ΦΙΛΟΚΛΕΩΝ.

1006 1724 1100 1786 ταῦτά
1121 1743 1184 1796 νυν,
1207 1719 1288 1808 εἴπερ
1312 1723 1402 1785 δοκεῖ.

628 1981 651 2017 ν.
667 1963 740 2016 1000.
775 1963 818 2014 καὶ
836 1958 867 2015 B.
885 1957 913 2013 Δ.
931 1960 979 2013 κοῦ
996 1961 1080 2029 vulgo.

627 2050 739 2103 ν.1004.
775 2053 905 2123 πανταχοῦ
924 2049 955 2102 R.
973 2049 1058 2117 vulgo.
1076 2054 1203 2120 πανταχοῖ
1219 2047 1330 2101 Brunck.
1348 2049 1391 2111 (cf.
1407 2047 1466 2116 Lys.
1488 2046 1564 2111 1230)
1580 2046 1658 2100 Dind.
1676 2046 1780 2099 Bekk,

628 2135 741 2189 v.1008.
776 2140 821 2188 νῦν
846 2136 877 2187 R.
896 2135 928 2188 V.
946 2129 973 2188 Γ.
991 2134 1071 2187 Bekk.
1096 2152 1141 2186 νυν
1164 2132 1187 2204 γ’
1210 2133 1268 2187 Ald.
1286 2134 1353 2186 lunt.
1371 2134 1436 2188 lunt.
1457 2134 1531 2187 1540.
1564 2138 1610 2186 νῦν
1634 2133 1661 2204 γ’
1686 2132 1768 2185 Orat,

662 2222 738 2275 θεοῦ.
755 2222 830 2274 Kust.
849 2222 902 2273 Ιυν.
921 2219 1031 2273 Brunek.
1050 2219 1125 2273 Both.
1143 2237 1188 2271 νυν
1206 2219 1281 2273 Dind.
1300 2219 1398 2274 Hirsch.
1416 2220 1508 2289 Bergk.

645 2427 758 2481 ν.1000.
784 2427 823 2479 ἐπὶ
835 2426 942 2491 δεῖπνον,
955 2426 988 2485 εἰς
1001 2425 1150 2495 Ευμπόσιονε
1200 2428 1243 2479 καὶ
1268 2434 1333 2501 τρεῖς
1358 2426 1463 2499 ὀβολοὺς
1489 2427 1628 2499 λαμβάνειν
1651 2428 1696 2481 καὶ
1718 2427 1776 2479 ἀεὶ,

592 2516 670 2568 sehol.
698 2514 724 2567 έν
751 2514 815 2566 ἐστιν
838 2513 858 2565 ἐ.
876 2513 898 2565 δ.
917 2532 937 2566 ε.
960 2532 982 2566 ο.
1013 2511 1081 2566 οὕτω
1102 2513 1150 2585 γὰρ
1200 2512 1325 2568 πένεσθαι.
1358 2515 1521 2584 Hyperbolus
1543 2517 1611 2569 enim
1633 2520 1772 2585 tanquam

594 2600 717 2663 ἐκάλουν,
746 2599 812 2652 ὥστε
833 2599 911 2668 μόνον
935 2598 996 2652 εἶναι
1017 2598 1061 2651 τὸν
1083 2599 1149 2651 οἶνον
1201 2601 1265 2653 alter
1291 2601 1352 2654 Cleo
1378 2606 1425 2654 est.
1461 2602 1541 2654 Multa
1567 2601 1599 2654 de
1626 2617 1657 2655 eo
1684 2602 1784 2654 scho‘

595 2686 689 2750 κοινόν,
715 2686 747 2738 τὰ
774 2686 800 2739 δὲ
827 2686 901 2740 λοιποὶ
928 2686 1018 2739 ἑαυτοῦ
1039 2684 1149 2753 κομίζειν
1199 2686 1282 2739 liasta.
1317 2686 1355 2741 Of.
1382 2687 1457 2740 Mein.
1484 2687 1512 2741 C.
1534 2688 1547 2740 Ι
1568 2704 1595 2757 p.
1615 2687 1673 2743 188.
1699 2686 1780 2741 193,

595 2771 664 2825 οῦτω
682 2770 819 2845 κληθέντα.
847 2770 993 2826 πανθοινέαν
1012 2769 1039 2823 δέ
1057 2770 1149 2840 ἔλεγον,
1199 2771 1238 2823 De
1261 2772 1339 2824 verbo
1363 2774 1495 2847 ἐγχάσκειν
1516 2773 1567 2827 vid.
1592 2773 1625 2826 ad
1646 2792 1671 2829 ν.
1697 2774 1789 2827 721,

596 2857 632 2918 ὥς
654 2878 728 2932 φησιν
747 2856 898 2932 Εὐφρόνιος,
918 2858 993 2911 ὁπότε
1011 2857 1045 2916 εἰς
1062 2856 1147 2909 κοινὸν
1251 2874 1275 2910 v.
1302 2858 1374 2912 1008.
1418 2859 1475 2913 ἀλλ’
1505 2860 1630 2930 εἰσίωμεν.
1678 2855 1815 2925 Quasi

594 2943 771 3004 κατατιθέντες
806 2946 838 2998 τὰ
873 2941 1025 3015 κομισθέντα
1062 2942 1149 2996 δεῖπνα
1198 2944 1306 2998 formula
1329 2946 1453 3013 quaedam
1475 2947 1508 2998 ad
1531 2946 1695 3000 indicandam
1711 2964 1815 3015 pa—-

593 3033 685 3090 πάντες
703 3031 838 3085 ἀπέλαυον.
868 3033 920 3084 lam
933 3047 1009 3099 supra
1022 3046 1046 3081 v.
1059 3030 1149 3082 719-
1199 3030 1309 3085 rahasia.
1358 3031 1396 3087 01.
1427 3033 1527 3101 Proleg.
1551 3049 1577 3102 p.
1599 3032 1642 3087 88.
1683 3034 1744 3087 Serv
1765 3024 1819 3079 ἱ

594 3117 652 3172 724.
671 3117 721 3170 737
731 3134 785 3185 sqq.
804 3118 941 3186 Bdelycleo
959 3116 1075 3170 convivia
1092 3130 1150 3183 pro·
1200 3119 1283 3168 autem
1302 3133 1342 3170 res
1360 3117 1392 3170 ad
1410 3119 1532 3172 iudicium
1550 3120 1821 3172 constituendum:

593 3204 698 3256 miserat
720 3204 798 3271 patri,
825 3204 977 3271 saepiusque
1003 3218 1060 3255 eum
1083 3201 1150 3253 idem
1201 3201 1328 3255 adhibitas
1340 3220 1426 3258 secum
1439 3209 1579 3274 asponam.
1606 3206 1683 3258 Retia
1695 3221 1822 3274 quo—r

593 3289 692 3353 fecisse,
710 3290 765 3357 ipse
783 3305 860 3342 senex
878 3290 972 3342 fatetur
988 3306 1012 3342 ν.
1030 3288 1090 3341 341.
1174 3277 1176 3282 ’
1200 3304 1249 3356 que
1277 3294 1303 3342 et
1332 3290 1428 3359 reliqua
1455 3293 1552 3356 omnia,
1581 3293 1675 3360 quibus
1704 3302 1825 3345 ιιυε-υ

644 3391 668 3426 ν.
693 3374 766 3428 1007.
797 3376 965 3449 ’ἐγχανεῖται
996 3375 1074 3427 schol.
1102 3373 1150 3426 οῦκ
1200 3374 1309 3441 amplius
1327 3392 1393 3445 opus
1409 3381 1457 3442 est,
1474 3381 1571 3431 semota
1588 3382 1657 3443 sunt,
1674 3379 1709 3431 ita
1725 3377 1825 3429 1:1st

594 3458 719 3529 έγγελοὶσει
731 3480 768 3513 σοι
781 3461 794 3513 θ
806 3459 964 3535 Ὑπέρβολος,
981 3460 1049 3534 ὁρῶν
1067 3479 1149 3513 σετα·
1200 3460 1276 3512 aedes
1297 3465 1396 3515 tantum
1419 3464 1588 3518 Philocleonis
1609 3465 1703 3533 filiique
1723 3463 1826 3515 ΞΠ

592 3546 676 3599 πεινόν
698 3566 725 3599 τε
749 3550 791 3600 καὶ
814 3548 912 3619 οἰκτρὸν
931 3548 960 3600 ἐκ
977 3552 1022 3600 τοῦ
1041 3547 1148 3608 δικάζειν
1199 3561 1276 3599 scena
1293 3550 1446 3617 conspicuae
1464 3551 1523 3603 sint.
