4484 5467
925 609 970 663 nn
988 609 1302 687 cnonovnselnvu
1648 607 1687 670 91

539 782 636 849 habet
664 786 765 867 partes
797 781 947 877 integras,
980 788 1017 847 ut
1044 805 1137 868 supra
1162 784 1313 864 vidimus,
1339 779 1583 848 Acharnensium
1609 798 1690 841 com-
1811 860 1813 863 Α

540 894 660 959 motion
700 914 771 958 cum
809 892 933 979 stropha
968 901 999 958 et
1031 896 1230 982 antistropha
1286 896 1346 961 Sed
1381 900 1484 959 tamen
1520 888 1690 976 epirrbema

541 1006 576 1071 in
606 1004 805 1092 parabasibus
833 1005 974 1071 secundis
1000 1007 1179 1092 plerumque
1205 1014 1302 1073 metro
1333 1010 1509 1073 tetrametro
1540 1000 1690 1068 trochaico

540 1139 636 1185 usum
657 1124 712 1197 est,
734 1122 771 1182 ut
791 1117 826 1182 in
845 1117 1019 1203 Equitibus,
1034 1120 1121 1203 Pace,
1144 1120 1278 1201 Avibus3
1300 1120 1404 1205 itaque
1417 1118 1586 1202 Vesperum
1601 1132 1689 1199 para-

540 1230 625 1297 basis
647 1229 751 1323 altera,
773 1249 852 1314 quae
873 1229 993 1295 creticis
1015 1232 1122 1311 utitur,
1145 1254 1164 1296 a
1185 1232 1404 1298 consuetudine
1424 1227 1583 1294 recessisse
1604 1224 1689 1288 vide·

539 1348 636 1422 retur,
659 1342 720 1407 nisi
742 1342 846 1407 cretici
867 1348 931 1407 tam
952 1343 1089 1428 proxime
1110 1343 1149 1408 ad
1171 1345 1325 1410 trochaeos
1347 1341 1531 1417 accederent,
1553 1342 1589 1401 ut
1610 1341 1690 1401 certe

539 1454 626 1520 modi
648 1455 709 1518 fere
730 1454 824 1519 iidem
848 1454 942 1521 luisse
963 1454 1092 1540 putandi
1114 1456 1185 1521 sint.
1222 1457 1364 1522 Ceterum
1386 1455 1465 1520 hanc
1486 1450 1613 1516 alteram
1634 1470 1689 1536 pc·

540 1566 667 1632 rabasin
689 1567 795 1632 eadem
816 1567 933 1632 ratione
955 1588 1017 1653 qua
1037 1568 1169 1653 priorem
1183 1592 1202 1633 a
1216 1570 1305 1635 choro
1322 1572 1474 1633 cantatam
1490 1564 1689 1655 saltatamque

539 1699 608 1744 esse
621 1679 818 1765 perspicuum
831 1687 891 1761 est3
902 1699 965 1745 non
979 1680 1079 1746 dicam
1092 1682 1202 1747 iisdem
1213 1682 1326 1762 modis,
1344 1700 1422 1766 quos
1437 1677 1555 1744 variare
1573 1679 1690 1759 etopus

539 1797 572 1856 et
584 1812 707 1857 necesse
726 1798 799 1857 erat.
818 1830 855 1839 -·
878 1792 1017 1877 Denique
1034 1793 1071 1857 de
1088 1795 1223 1859 carmine
1239 1792 1413 1879 parabatico
1432 1812 1461 1855 v.
1481 1785 1689 1853 1450-1473

539 1904 655 1996 addam
676 1925 782 1998 pauca
825 1904 957 1974 Metrum
979 1912 1026 1972 est
1046 1904 1454 1994 choriambico-iambicum,
1481 1901 1518 1966 de
1539 1919 1599 1984 quo
1620 1897 1689 1963 vide

538 2016 583 2081 sis
607 2007 829 2082 Rossbacbium
849 2016 870 2082 l.
893 2013 914 2081 1.
936 1997 966 2101 pss
988 2016 1060 2097 539,
1078 2015 1239 2101 Engerum'
1257 2018 1278 2082 l.
1301 2017 1322 2082 1.
1350 2038 1380 2101 p.
1403 1996 1452 2079 13'.
1476 2000 1531 2094 153
1553 2009 1690 2103 clausula
1782 1994 1784 1998 ¹

537 2127 710 2193 trochaica:
1106 2129 1113 2157 ·’

540 2353 624 2419 1461
652 2355 848 2441 μετεβάλοντο
871 2354 942 2425 τοὺς
963 2354 1101 2442 τρόπους.

541 2464 628 2531 1473
651 2470 880 2550 κατακοσμῆσαι
903 2470 1072 2553 πράγματα
1095 2487 1168 2532 nam
1190 2456 1707 2549 (11101111111101110511.34811111ιΟ
1746 2540 1753 2550 Ι

537 2597 650 2644 versus
672 2577 712 2641 ad
733 2576 970 2643 similitudinem
991 2578 1082 2645 metri
1103 2579 1240 2663 glyconci
1262 2576 1462 2663 compositus,
1490 2571 1599 2640 cretico
1620 2568 1690 2633 cho·
1738 2545 1746 2565 ⁴

538 2689 654 2766 riambi
675 2689 777 2757 locum
797 2695 935 2755 tenente:
955 2689 1114 2758 intellectu
1136 2691 1258 2757 difficile
1280 2695 1335 2757 est
1372 2690 1498 2755 Constat
1519 2683 1614 2768 igitur
1635 2680 1691 2745 boc

538 2802 740 2890 parabaticon
767 2823 784 2866 e
811 2803 936 2887 stropha
963 2808 994 2866 et
1020 2803 1223 2888 antistropha,
1256 2787 1336 2868 sicut
1363 2801 1481 2884 reliqua
1507 2792 1691 2883 parabolica,

539 2936 623 3001 qnae
650 2913 739 2993 novi,
766 2914 879 2980 omnia
923 2913 1074 2983 Saltatum
1103 2921 1207 2980 autem
1236 2916 1296 2979 ista
1323 2914 1456 2993 ratione,
1484 2930 1578 2994 quam
1599 2926 1692 2991 supra

538 3025 645 3093 attuli.
668 3064 709 3093 -ε
730 3026 798 3091 Iam
819 3046 890 3091 vero
912 3026 1102 3112 comparatis
1119 3027 1201 3093 inter
1226 3048 1260 3092 se
1281 3024 1468 3091 carminibus
1495 3002 1691 3107 perspicuum

538 3141 588 3221 iit,
610 3138 768 3204 Comicum
790 3138 978 3210 solummodo
1004 3160 1099 3209 unam
1113 3138 1286 3223 unicuique
1314 3136 1435 3202 fabulae
1461 3129 1623 3219 parabasin
1644 3134 1690 3191 at-

538 3252 678 3317 tribuere
711 3248 843 3316 voluisse
870 3250 935 3315 sive
962 3250 1181 3319 consuetudine
1202 3249 1335 3336 quadam
1361 3271 1397 3314 ac
1414 3247 1482 3331 lego
1502 3243 1691 3320 adstrictum,

538 3364 608 3431 sive
631 3363 710 3447 quod
732 3384 827 3427 unam
848 3363 985 3429 sufficere
1011 3362 1205 3429 intellexerit.
1248 3361 1355 3427 Altera
1381 3360 1464 3426 enim
1497 3377 1576 3443 quae
1602 3359 1691 3419 voca-
1768 3415 1789 3444 .·
1818 3409 1822 3417 .

538 3483 595 3543 tur
615 3474 781 3562 paschasio,
803 3480 840 3539 ut
860 3474 949 3558 longe
970 3475 1070 3541 minor
1091 3481 1146 3557 est,
1169 3475 1213 3540 ita
1234 3493 1332 3559 neque
1359 3473 1397 3538 de
1423 3475 1512 3557 poeta
1533 3489 1631 3553 neque
1654 3466 1691 3532 de

537 3588 587 3655 rei
598 3587 740 3674 publicae
750 3591 843 3666 statu,
865 3608 964 3672 neque
985 3588 1022 3652 de
1043 3588 1167 3653 famosis
1189 3586 1239 3653 vel
1260 3585 1477 3651 excellentibus
1498 3582 1692 3647 civibustam

537 3702 626 3777 clara
646 3705 770 3785 tamque
790 3699 936 3765 insolenti
956 3700 1195 3783 voceloquitur,
1216 3699 1270 3763 sed
1291 3697 1465 3782 aggreditur
1486 3695 1589 3760 miuus
1610 3691 1691 3778 peri·

538 3812 647 3880 culosa
667 3817 698 3877 et
718 3818 858 3878 versatur
879 3812 977 3896 magis
999 3812 1033 3878 in
1054 3811 1185 3877 minutis
1206 3812 1308 3876 rebus.
1354 3809 1492 3875 Tandem
1516 3804 1693 3893 parabatica

538 3924 680 4000 earmina
701 3946 772 3990 cum
793 3924 1027 4011 ipsispersonis
1053 3925 1175 3990 fabulae
1203 3946 1268 3990 rem
1296 3923 1411 3989 habent
1438 3928 1529 4005 atquc
1556 3940 1575 3983 a
1601 3919 1692 3982 rebus
1820 3944 1824 3953 ·

537 4035 674 4123 publicis
691 4036 942 4121 perstringendis
974 4038 1036 4101 fere
1069 4059 1101 4103 se
1130 4037 1295 4104 abstinent.
1339 4036 1456 4113 Quibus
1484 4032 1627 4099 omnibus
1659 4029 1693 4092 in

536 4150 634 4215 rebus
661 4168 756 4232 quam
781 4149 911 4235 pulchre
938 4156 969 4216 et
996 4150 1149 4235 sapienter
1177 4149 1272 4233 egerit
1299 4155 1403 4235 poeta,
1439 4168 1501 4212 non
1537 4150 1584 4209 est
1613 4140 1693 4228 quod
1803 4178 1812 4191 -

536 4281 691 4330 moneam·
725 4284 728 4287 ·
1288 4282 1291 4285 ·

961 4429 963 4435 1
1017 4425 1221 4439 m
