4484 5467
542 630 585 694 64
923 629 1112 685 anennual
1148 627 1262 683 CAPVT
1278 627 1313 682 111

541 802 616 885 πηδι
637 803 695 870 πᾶς
715 800 802 878 ἕπου,
824 801 926 878 δίωκε,
947 804 997 866 καὶ
1018 802 1069 866 τὸν
1084 802 1180 887 ἄνδρα
1201 802 1367 878 πυνθάνου,
1389 799 1484 887 Vesp.
1500 802 1582 868 23οι
1595 789 1692 891 ’χόριη

541 909 678 1000 πρόβαιν’
702 911 894 998 ἐρρωμένως,
925 911 993 976 Pac.
1016 913 1095 976 301:
1123 916 1214 999 deripe
1236 918 1294 982 πᾶς
1316 914 1410 999 χώρει
1432 915 1626 1002 προθύμως,
1642 916 1692 1001 Ly-

540 1023 622 1088 sistr.
645 1024 723 1088 254:
745 1026 848 1112 χώραν,
872 1026 1001 1112 Δράκης,
1024 1027 1106 1109 ἡγοῦ
1125 1023 1363 1124 βάδην,ιΕυο1ου.
1384 1025 1466 1090 285τ
1490 1028 1559 1113 ὥρα
1582 1030 1695 1118 apomi-

541 1160 617 1213 νοιν,
656 1135 786 1221 ὦνδρες,
829 1138 903 1221 ἡμῖν
944 1137 1022 1202 ἐστιν
1061 1143 1094 1200 et
1135 1136 1168 1200 in
1206 1135 1344 1200 eiusdem
1379 1136 1505 1201 fabulae
1527 1139 1695 1226 ¹epipamdo

540 1268 570 1311 v.
606 1247 685 1311 478:
730 1246 825 1337 ἔμβα,
868 1250 971 1335 χώρει.
1034 1248 1070 1311 Ιο
1102 1247 1266 1331 Equitibus
1304 1254 1387 1313 actor
1418 1249 1506 1314 chori
1539 1254 1696 1339 appropin-

540 1359 665 1444 quantis
697 1361 880 1448 ἑμβοτήριον
912 1359 1023 1445 incipit
1049 1380 1078 1423 v.
1101 1360 1178 1423 24⁸2:
1223 1360 1328 1448 ἄνδρες
1363 1362 1457 1445 ἱππῆς
1494 1359 1696 1451 παραγίνεσθε

540 1472 581 1536 ud
601 1471 696 1537 verba
716 1491 828 1555 usqua:
850 1472 921 1538 ἀλλ’
946 1473 1064 1557 ἀμύνου
1086 1474 1135 1536 καὶ
1158 1473 1250 1537 δίωκε
1270 1474 1320 1537 καὶ
1340 1466 1455 1559 τροπὴν
1479 1473 1581 1540 αὐτοῦ
1605 1481 1696 1542 ποιοῦ.

540 1583 619 1648 ltem
640 1583 673 1647 in
697 1583 815 1649 Avibus
836 1584 945 1649 chorus
967 1584 1005 1647 ab
1033 1603 1128 1669 epope
1154 1585 1332 1662 arcessitur,
1356 1583 1416 1668 qui
1445 1585 1496 1649 vel
1524 1588 1628 1653 totius
1652 1575 1697 1675 pe·

540 1695 608 1762 rodi
628 1695 695 1759 vice
716 1695 856 1777 iungitur
877 1694 1043 1778 bellissimo
1060 1703 1158 1760 cautu
1180 1717 1209 1761 ν.
1232 1696 1415 1776 aas-2623
1444 1715 1508 1781 quo
1537 1699 1641 1766 linito·
1658 1702 1698 1787 ip·

540 1808 606 1878 sius
627 1807 710 1873 chori
732 1806 863 1892 paredus
886 1808 1064 1872 brevissima
1090 1829 1129 1872 ex
1148 1807 1286 1890 ‘siugulis
1311 1814 1439 1872 tantum-
1461 1811 1613 1878 versibus
1634 1833 1698 1878 eon-

542 1926 613 1999 stat,
634 1941 664 1985 ν.
687 1921 759 1984 310.
783 1920 863 1983 313·
878 1920 939 1983 319
963 1926 1019 1984 etc.
1040 1920 1094 1984 sed
1115 1928 1233 1998 tamen,
1262 1919 1358 1986 veluti
1385 1920 1419 1984 in
1446 1912 1564 2007 -llsspis
1590 1924 1698 1996 metum

541 2052 607 2097 esse
629 2031 842 2108 iudicavimus,
864 2031 1049 2097 adversum
1070 2034 1168 2117 usque
1188 2034 1253 2097 400
1273 2031 1415 2117 pertinet,
1438 2052 1500 2117 quo
1524 2035 1698 2101 versu-ete

541 2165 594 2210 rus
623 2144 747 2209 tandem
774 2143 935 2210 stationem
963 2145 1133 2227 legitimam
1160 2144 1251 2229 capit.
1294 2144 1408 2210 Verum
1435 2143 1470 2208 in
1499 2137 1560 2211 hac
1576 2158 1699 2234 'quoque

456 2341 461 2346 η
542 2257 654 2343 parodc
680 2255 906 2322 animadvertas
934 2256 1111 2341 parodicum
1138 2255 1341 2343 istudepo'spet
1370 2277 1399 2320 ν.
1426 2249 1505 2338 3643
1534 2258 1599 2323 ita²2
1612 2249 1699 2326 utet

542 2370 690 2454 Equitum
717 2374 751 2433 et
775 2368 891 2433 Avium
918 2368 1045 2453 paradas
1072 2374 1196 2454 propter
1224 2367 1310 2431 tales-
1326 2368 1414 2452 quasi
1436 2363 1593 2435 formulas¹
1613 2372 1699 2457 quin*

543 2504 601 2567 que
617 2482 692 2546 illis
719 2499 783 2544 uno
810 2487 972 2566 conspectu
1001 2479 1187 2545 enumeratis
1220 2479 1331 2544 addere
1361 2501 1423 2545 uon
1457 2479 1599 2548 dubites.-
1646 2475 1698 2549 nn

542 2594 637 2676 igitur
657 2592 766 2678 primis
787 2592 870 2660 chori
891 2593 1032 2657 cantibus
1059 2611 1170 2656 nomen
1197 2592 1258 2657 fuit
1284 2587 1432 2677 paradis,¹
1448 2585 1655 2678 repugnante·
1667 2598 1697 2663 (l.

543 2705 721 2770 Hermanno
742 2703 781 2768 ad
802 2704 927 2768 Aristct
950 2705 1033 2770 Poet
1061 2727 1091 2790 p.
1117 2703 1191 2768 130:
1221 2725 1295 2784 „nec
1324 2704 1441 2776 nemini
1470 2721 1523 2769 me
1553 2699 1697 2774 vocabula

544 2820 677 2904 πάροδος
698 2822 729 2881 et
752 2821 896 2904 στάσιμον
920 2817 957 2882 do
978 2816 1102 2881 comicis
1123 2815 1222 2881 choris
1242 2816 1360 2898 legere“
1384 2822 1429 2894 et,
1451 2823 1488 2881 ut
1509 2815 1696 2900 videture‘ia

543 2929 763 3009 dissertatione,
786 2952 879 3015 quam
901 2930 938 2995 de
960 2931 1050 2995 choro
1065 2930 1244 3015 Vesperum,
1263 2949 1325 2993 non
1346 2928 1384 2993 de
1403 2929 1519 3014 paredo
1532 2925 1693 3019 inscripsit

543 3042 649 3126 Neque
676 3050 784 3107 tamen
809 3042 902 3107 uliam
929 3041 1184 3124 significationem
1212 3040 1392 3105 scholiastae
1420 3040 1537 3106 Comici
1571 3050 1695 3123 nomes

543 3177 619 3244 quas
641 3155 776 3220 videsis
798 3156 838 3219 ad
859 3155 991 3221 Acheru.
1015 3154 1087 3219 204,
1108 3153 1210 3238 Equit
1227 3151 1299 3217 247.
1321 3152 1401 3219 Nub.
1416 3154 1488 3218 275.
1511 3155 1608 3242 Vesp.
1631 3157 1694 3221 2311

544 3269 621 3346 270;
649 3289 749 3353 neque
777 3268 865 3332 aliter
886 3266 1018 3349 intelligi
1040 3265 1152 3331 debent
1172 3264 1345 3330 Aristotelis
1357 3258 1468 3344 narba,
1484 3264 1568 3331 Poet.
1585 3256 1693 3348 xlia}

542 3383 592 3445 uui
619 3381 726 3445 τούτου
748 3380 817 3464 (τοῦ
840 3380 982 3467 χορικοΐι)
1010 3377 1044 3444 τὸ
1075 3380 1129 3465 μὲν
1151 3381 1295 3465 πάροδος,
1320 3379 1354 3443 τὸ
1378 3378 1411 3443 δὲ
1434 3380 1593 3465 στάσιμον.
1616 3372 1693 3447 κοινὰ

545 3494 598 3577 μὲν
623 3490 674 3557 οὖν
698 3490 945 3576 ἁπάντων-(κοῦ.
974 3495 1034 3557 τῶν
1057 3495 1206 3577 ποιητῶν,
1228 3510 1257 3553 ν.
1279 3488 1300 3553 l.
1327 3494 1387 3556 τῶν
1408 3493 1649 3577 τραγῳδοποιῶν
1667 3495 1693 3555 et

543 3610 602 3670 τῶν
625 3604 873 3691 κωμῳδοποιῶν)
893 3605 929 3670 τὰ
951 3605 1010 3668 ἀπὸ
1032 3608 1087 3689 τῆς
1110 3609 1224 3691 σκηνῆς
1245 3605 1294 3668 καὶ
1315 3603 1440 3688 κομμυέ.
1485 3601 1597 3683 Quare,
1620 3601 1692 3689 quad

541 3716 581 3779 de
602 3716 713 3803 paredo
733 3717 851 3799 tragica
872 3716 951 3780 dixit
971 3714 1063 3797 idem,
1085 3714 1180 3779 idad
1201 3715 1348 3780 comicam
1369 3734 1489 3799 quoque
1504 3715 1692 3786 referendum

543 3834 599 3907 est
621 3834 656 3892 ut
677 3828 719 3892 sit
740 3831 760 3914 ἡ
784 3831 887 3915 πρώτη
909 3829 988 3903 λέξις
1010 3828 1084 3894 ὅλου
1107 3832 1216 3916 χοροῦ.
1252 3828 1363 3892 Prima.
1377 3826 1544 3909 igiturlex
1567 3835 1642 3908 esto,
1663 3832 1693 3892 ut

543 3942 585 4005 sit
611 3947 693 4005 totus
721 3940 844 4020 chorus,
876 3941 964 4005 cuius
990 3960 1078 4006 voces
1106 3939 1281 4005 audiantur.
1324 3940 1370 4004 De
1395 3937 1549 4003 Nubium-
1563 3940 1692 4025 quidem,

541 4052 938 4138 Thesmophoriazusarum,
967 4052 1124 4117 Ranarum
1153 4051 1275 4139 parodis
1301 4075 1392 4119 nemo
1418 4053 1506 4119 facile
1534 4053 1692 4131 dubitabit

541 4166 619 4251 quin
641 4170 823 4251 spectatores
843 4166 939 4231 totius
959 4166 1043 4230 chori
1064 4185 1153 4232 voces
1175 4160 1329 4231 audierint
1342 4186 1414 4232 uua.
1441 4161 1694 4233 ·Acharnensiuiu

543 4280 700 4363 Equitum,
722 4278 820 4360 Pacis,
842 4277 1036 4361 Lysistratus,
1065 4278 1344 4345 Ecclesiaausarum
1370 4278 1477 4367 paradi
1510 4277 1559 4342 iu·
1574 4299 1610 4344 eo
1635 4280 1694 4344 fere

544 4392 753 4470 consentiunt,
776 4389 857 4475 quod
878 4410 910 4455 se
932 4370 1060 4475 parodos
1073 4409 1139 4454 esse
1153 4390 1229 4476 ipsis
1243 4391 1344 4457 verbis
1358 4390 1573 4477 pronunciant.
1607 4391 1694 4456 Alius

456 4544 462 4551 -
542 4504 629 4569 enim
643 4504 739 4569 alium
753 4504 940 4582 adhortatur,
955 4504 999 4568 ita
1013 4507 1127 4582 umen,
1150 4509 1186 4567 ut
1200 4524 1305 4570 omnes
1318 4524 1382 4569 uno
1396 4524 1446 4568 ore
1467 4493 1635 4588 loquantur
1648 4523 1695 4569 ca·

543 4622 672 4695 uentre,
706 4617 917 4715 unusquisque
946 4616 1041 4699 igitur
1068 4636 1099 4680 se
1121 4615 1224 4701 ipsum
1246 4616 1436 4695 adhortetur,
1458 4615 1533 4681 dum
1554 4617 1693 4704 reliquos.
