4484 5467
1017 645 1214 707 ΣΦΗΚΕΣ
1630 662 1693 726 259

693 822 770 887 κακὰ
790 824 867 909 πρὸς
888 827 953 893 τοῖς
969 820 1062 901 οὖσιν,
1084 825 1146 895 ἕως
1164 827 1255 922 ἀνιών
1277 825 1312 891 ἂν
1335 826 1431 912 ἰσώσῃ
1455 834 1550 897 τοῖσιν
1566 834 1694 918 ἐμοῖσιν·

693 936 720 999 οἱ
741 936 775 999 δὲ
798 933 935 1020 λέγουσιν
961 935 1078 1019 μύθους
1098 916 1241 1021 ἡμῖν’-ἆ
1258 937 1286 1001 δ’
1311 938 1455 1005 Αἰσώπου
1478 968 1505 1007 τι
1526 945 1659 1029 γέλοιον·

693 1048 719 1111 οἱ
745 1047 779 1111 δὲ
808 1045 994 1124 σκώπτοοσ’,
1020 1046 1059 1110 ἵν’
1090 1048 1151 1131 ἐγὼ
1179 1051 1300 1133 γελάσω
1330 1053 1380 1115 καὶ
1406 1054 1456 1118 τὸν
1478 1055 1578 1142 θυμὸν
1607 1059 1693 1122 καταί-
1757 1056 1775 1085 “’

1359 1163 1407 1226 dn
1434 1190 1473 1229 αι.

691 1269 744 1335 κᾶν
761 1271 802 1355 μὴ
819 1270 936 1340 τούτοις
951 1271 1214 1356 ἀναπειθώμεσθα,
1236 1272 1273 1336 τὰ
1296 1192 1432 1361 ueremi?
1452 1277 1545 1350 εὐθὺς
1569 1280 1693 1359 ἀνέλκει,

690 1383 743 1453 τὰς
763 1383 888 1468 θηλείας
909 1385 959 1447 καλ
980 1383 1051 1453 τοὺς
1074 1386 1145 1454 υἱεῖς
1166 1388 1221 1467 τῆς
1242 1387 1353 1470 χειρὸς,
1379 1387 1441 1471 ἐγὼ
1464 1388 1493 1452 δ’
1518 1392 1694 1477 ἀκροῶμαι.

689 1493 725 1557 τὰ
753 1495 787 1558 δὲ
816 1495 1003 1581 συγκύψανθ’
1033 1496 1076 1580 ἂμ
1104 1498 1264 1590 βληχᾷται·
1292 1496 1413 1561 κᾶπειθ’
1445 1501 1461 1563 ὁ
1490 1505 1588 1590 πατὴρ
1619 1506 1693 1591 ὑπὲρ

1359 1609 1459 1676 αὐτῶν

578 1876 597 1917 ι.
609 1862 665 1918 565.
700 1863 770 1918 κακὰ
786 1862 850 1937 πρὸς
866 1870 919 1923 τοῖς
936 1864 967 1917 R.
979 1863 1012 1918 V.
1025 1862 1053 1918 (λ
1065 1859 1092 1917 Γ.
1110 1864 1180 1916 κακά
1198 1881 1226 1934 γε
1243 1864 1305 1937 πρὸς
1316 1873 1393 1920 τοῖσιν
1412 1866 1479 1921 οὖσιν
1498 1869 1547 1929 ἰιος
1565 1868 1595 1923 ἂν
1615 1870 1693 1945 ἰσώση

604 1959 680 2006 τοῖσιν
699 1951 793 2021 ἐμοῖσιν
813 1952 869 2005 Ald.
887 1952 953 2005 lunt.
970 1952 1045 2006 Kust.
1063 1955 1144 2004 metro
1162 1955 1289 2019 corrupto.
1307 1952 1381 2006 ἑοῖσιν
1403 1954 1441 2008 Fl.
1459 1954 1518 2008 Chr.
1540 1957 1609 2008 κακὰ
1630 1958 1694 2028 πρὸς

608 2036 684 2088 τοῖσίν
709 2035 735 2105 η’
755 2035 830 2099 οὖσιν,
846 2035 896 2094 ἕως
914 2033 944 2087 ἂν
960 2035 1090 2108 παρισώση
1107 2054 1131 2087 τ.
1144 2035 1163 2087 ἐ.
1180 2034 1289 2088 Bruuok.
1307 2066 1341 2075 -
1358 2039 1427 2091 κακὰ
1444 2040 1507 2111 πρὸς
1523 2048 1599 2094 τοῖσιν
1619 2041 1694 2106 οὖσιν,

608 2120 656 2178 ἕως
674 2118 705 2171 ἂν
725 2118 756 2171 ἰσ.
773 2137 796 2172 τ.
814 2136 834 2171 ε.
855 2119 954 2171 queru.
986 2119 1055 2171 κακὰ
1076 2118 1139 2190 πρὸς
1160 2128 1212 2179 τοῖς
1230 2121 1297 2175 οὖσιν
1316 2124 1365 2182 ἕως
1383 2123 1413 2175 ἂν
1431 2143 1514 2197 παρισ.
1532 2146 1555 2179 τ.
1574 2126 1593 2181 ἐ.
1611 2128 1693 2183 Benti.

607 2206 686 2259 Beki.
708 2206 753 2257 καὶ
772 2206 841 2258 κακὰ
859 2220 931 2274 prop.
947 2204 1025 2258 Dobr.
1049 2206 1098 2265 ἕως
1115 2209 1192 2261 ἀνιῶν
1212 2208 1241 2262 ἂν
1267 2211 1345 2286 ἰσώση
1363 2213 1438 2267 Dind.
1456 2214 1583 2282 Hirsohig.
1601 2216 1694 2284 Bergk.

522 2355 527 2368 ι
606 2294 654 2352 ἕως
672 2292 762 2345 κλάων
781 2290 811 2344 ἂν
830 2292 861 2345 ἰσ.
896 2293 991 2362 Reisig.
1008 2322 1042 2329 —
1059 2294 1135 2349 Dind.
1157 2298 1251 2362 ,ἀνιῶν
1270 2299 1357 2351 addidi
1373 2316 1405 2351 ex
1423 2300 1466 2363 V.,
1484 2301 1510 2353 iu
1528 2317 1578 2369 quo
1596 2301 1695 2368 syllaba

604 2388 641 2433 ῶν
664 2380 814 2449 compendio
842 2380 937 2449 scripta
959 2382 1022 2436 est.“
1052 2381 1100 2440 ἕως
1127 2380 1241 2457 ἀνισωθη
1268 2385 1394 2439 Reiskius.
1438 2386 1507 2437 κακὰ
1529 2386 1592 2460 πρὸς
1617 2394 1693 2439 τοῖσιν

601 2471 647 2520 νῦν
666 2466 735 2520 οὖσιν
753 2466 826 2520 Pors.
1681 2486 1684 2490 ’

570 2561 663 2623 1558.
704 2565 902 2638 ἀναπειθώμεθα
918 2569 949 2623 R.
976 2565 1188 2639 ἀναπειθώμεσθα
1205 2573 1290 2640 uulgo.
1330 2571 1540 2644 ἀναπειθώμεθα,
1567 2575 1599 2626 τά
1617 2593 1644 2644 γε
1667 2595 1693 2627 π.

603 2656 715 2711 Brunok.
734 2653 900 2710 ἁναπιίθιοσίν
919 2675 951 2727 με
968 2657 1036 2711 Rois
1055 2655 1082 2711 G.
1100 2673 1125 2725 p.
1140 2657 1196 2711 151.
1229 2656 1429 2728 ἀναπεισθῶμεν,
1447 2663 1479 2713 τοί
1497 2680 1524 2731 ηε
1542 2679 1569 2712 π.
1589 2660 1693 2715 Porsou.

602 2744 665 2798 Heo.
678 2761 717 2813 pr.
729 2743 834 2798 XLVII.
862 2743 999 2813 Vulgatam
1007 2743 1153 2797 Dindorfius
1165 2743 1197 2795 ad
1208 2743 1276 2797 Nub.
1289 2744 1339 2797 987
1357 2747 1469 2799 defendit
1481 2746 1612 2813 exemplis,
1629 2763 1694 2816 quae

602 2832 700 2900 Reisig.
713 2831 730 2885 l.
743 2831 769 2896 λ,
787 2835 924 2901 praeeunte
935 2831 1070 2895 Bruuekio,
1089 2832 1214 2898 corrigere
1232 2834 1337 2883 conatus
1355 2836 1417 2885 erat.
1446 2832 1591 2899 Negligitur
1609 2837 1693 2884 autom

601 2920 628 2969 et
648 2932 755 2969 caesura
772 2932 966 2984 nonnunquam,
980 2922 1013 2968 ‘et
1030 2919 1195 2985 anapaestum
1218 2918 1277 2983 post
1295 2915 1424 2985 dactylum
1442 2916 1583 2969 adhibitum
1600 2918 1683 2987 reperi

600 3018 666 3057 mus.
688 3001 721 3056 V.
738 3001 810 3055 Pors.
828 3001 924 3053 Heonb.
942 3017 967 3069 p.
985 3000 1026 3055 Li.

636 3085 698 3140 ibid.
734 3082 809 3144 ιῦθῦς
826 3085 910 3154 uulgo.
946 3084 977 3137 αὖ
994 3104 1031 3145 τις
1050 3084 1111 3139 Cob.
1131 3088 1223 3139 Muem.
1240 3086 1256 3139 l.
1275 3086 1292 3139 i.
1322 3086 1374 3139 Sed
1390 3087 1448 3140 vide
1465 3086 1498 3139 ad
1514 3104 1539 3141 u.
1557 3086 1616 3142 554.

565 3214 590 3251 v.
603 3194 859 3267 570.”συγκῦψσντ’
886 3194 923 3264 ἃμ
951 3193 1005 3264 ἅμα
1033 3195 1159 3270 βληχᾶται
1180 3199 1212 3251 R.
1239 3196 1395 3269 σογκῦψαντ’
1425 3196 1601 3271 ἀποβληχᾶται
1627 3197 1692 3252 Ven.

600 3297 651 3334 seo.
670 3279 732 3333 ooo.
752 3276 921 3349 συηνῦπτονθ’
946 3277 1000 3348 ἅμα
1023 3280 1062 3348 βλ.
1080 3281 1164 3349 vulgo.
1184 3281 1355 3353 σνηκῦπτονθ’
1379 3284 1415 3353 ἃμ
1433 3283 1472 3354 βλ.
1496 3299 1543 3353 pro
1568 3283 1621 3352 ἅμα
1644 3284 1693 3335 He·

601 3366 690 3433 sychio
712 3365 776 3417 duce
799 3364 873 3417 Diud.
895 3364 1059 3438 ἀμβληχᾶται
1081 3366 1173 3435 Bergk.
1198 3369 1372 3439 σοηκῦπτοντα
1394 3369 1519 3442 βληχᾶται
1537 3371 1642 3422 Porsou.
1666 3370 1692 3421 in

600 3453 710 3521 exempl.
733 3451 805 3504 Porti
833 3455 860 3504 et
881 3452 1007 3520 Hirsohig.
1030 3454 1125 3522 Recepi
1147 3456 1271 3509 Dindoriii
1293 3456 1330 3526 ἂμ
1353 3456 1420 3526 quod
1441 3458 1468 3508 iu
1490 3457 1553 3509 Rau.
1576 3456 1692 3524 apposito

579 3711 605 3748 ν.
625 3692 683 3747 565.
724 3698 802 3746 τοῖσιν
824 3692 932 3762 ἰμοῖσινι
955 3694 1009 3746 soil.
1032 3709 1090 3761 ege·
1140 3700 1182 3749 tur
1198 3696 1386 3765 tragoediarum
1405 3701 1476 3750 actor
1493 3695 1642 3769 γελοιώδης,
1661 3694 1692 3748 de

527 3784 591 3837 stati
603 3781 695 3833 iudicis
708 3781 788 3844 senis,
801 3782 830 3831 ut
841 3778 920 3833 schol.
934 3783 1001 3832 recte
1013 3781 1090 3832 inter·
1140 3798 1190 3849 quo
1212 3783 1285 3847 alibi,
1308 3784 1376 3853 quod
1393 3785 1485 3849 seiam,
1502 3785 1596 3837 mentio
1615 3784 1692 3836 nulia.

526 3872 653 3939 protatur.
1191 3885 1215 3922 ν.
1234 3869 1292 3923 567.
1321 3868 1365 3921 τὸν
1384 3865 1468 3937 θυμὸν
1485 3866 1639 3939 κατάθωμαι
1666 3874 1693 3921 ut

581 3971 607 4007 u.
627 3951 686 4005 566.
721 3947 855 4005 Αἰσώπουι
874 3952 953 4006 schol.
972 3947 1088 4012 Αἴσωπος
1139 3971 1217 4023 supra
1233 3956 1281 4024 τὴν
1300 3953 1377 4027 ὀργὴν
1396 3953 1575 4028 ἀπομορχθείς.

528 4042 628 4111 ἐγένετο
646 4038 787 4111 τραγῳδίας
796 4038 932 4111 ὖποκμιτὴς
944 4038 1087 4111 γελοιώδης,
1190 4057 1214 4092 v.
1233 4041 1291 4094 568.
1321 4039 1432 4093 ἀνέλκειι
1450 4042 1529 4095 sehoi.
1547 4041 1581 4100 εἰς
1597 4040 1627 4094 τὸ
1646 4039 1691 4109 βῆ·

529 4123 660 4199 Αἰσχύλου
683 4124 706 4176 δ’
727 4124 759 4195 ἠν
777 4123 922 4197 ὖποκμιτης.
957 4126 1087 4189 Aesopum
1138 4146 1183 4196 μα.
1207 4124 1247 4179 διὰ
1269 4126 1296 4179 δὲ
1318 4125 1362 4179 τὸν
1385 4128 1468 4179 οἶκτον
1492 4128 1515 4179 οἱ
1532 4127 1690 4195 δικαζόμενοι

527 4228 580 4265 που
604 4213 720 4281 poetam,
743 4211 787 4263 sed
812 4216 922 4264 autorem
939 4211 1085 4279 tragoediae
1135 4216 1214 4265 τοῦτο
1223 4212 1330 4278 ἐποίουν,
1346 4213 1387 4265 ἵνα
1398 4210 1532 4265 κάνταῦθα
1544 4208 1690 4283 ἐλεηθῶσιν.

527 4301 645 4367 ineptum
663 4298 748 4364 tangi,
769 4297 832 4349 illud
850 4299 936 4362 dooet,
954 4298 1023 4367 quod
1040 4296 1086 4366 μύ-
1136 4300 1199 4351 Rem
1217 4301 1376 4353 notissimam
1398 4302 1424 4351 et
1446 4298 1638 4351 usitatissimam
1655 4295 1690 4347 le-

527 4383 603 4450 θους,
631 4384 687 4437 scil.
714 4383 821 4451 Aesopi,
850 4385 901 4435 iam
930 4384 1085 4436 memorauit.
1135 4384 1195 4452 pide
1212 4386 1306 4438 Noster
1324 4385 1440 4453 depinxit
1456 4401 1480 4437 v.
1499 4383 1549 4436 976
1566 4398 1620 4451 sqq.

527 4472 627 4527 Verum
649 4486 674 4524 v.
695 4469 760 4522 1257
783 4470 926 4523 fabularum
946 4475 1022 4539 poeta
1044 4469 1087 4521 de·
1187 4486 1211 4524 v.
1233 4471 1291 4524 570.
1326 4469 1464 4542 βληχᾶταιν
1487 4467 1565 4521 schol.
1589 4468 1617 4519 ἰκ
1643 4470 1690 4536 τῆς

528 4561 654 4628 signatur.
684 4556 739 4609 Iam
757 4571 835 4624 quum
851 4557 947 4625 Aesopi
964 4555 1048 4625 γέλοια
1060 4556 1087 4607 in
1136 4554 1237 4625 ἀσήμου
1255 4559 1343 4627 φωνῆς
1356 4554 1431 4627 δηλοῖ
1444 4554 1492 4623 τὴν
1505 4553 1624 4627 βραχεῖαν
1636 4558 1689 4606 τῶν

528 4661 621 4715 magno
640 4645 737 4697 honore
755 4644 818 4709 siut,
835 4658 865 4695 eo
888 4644 972 4695 aurius
990 4641 1087 4694 deride-
1135 4638 1232 4691 παίδων
1251 4640 1360 4711 ἠλικίαν.
1397 4638 1434 4692 Of.
1452 4639 1597 4695 Pleume.

531 4729 533 4733 ’
1487 4724 1536 4778 17·
