4484 5467
757 629 801 683 DE
819 629 977 684 TEMPORE
996 630 1154 685 l'ABVLAll
1172 629 1357 685 vasrhavll
1374 631 1487 686 acala
1660 634 1700 699 15

540 801 741 867 annotatione
762 801 868 866 addita
888 802 984 867 nulla
1028 802 1127 879 Quare
1155 801 1189 867 in
1220 822 1337 885 argum.
1369 802 1461 887 Soph.
1483 804 1533 868 Αἰ.
1555 803 1699 887 legimus:

541 915 727 1001 Δικαίαρχος
747 913 874 985 Αἴαντος
896 916 1026 980 θοίνατον
1050 914 1216 999 ἐπιγράφει,
1238 915 1269 978 ἐν
1293 916 1327 979 δὲ
1348 919 1413 985 ταῖς
1427 916 1639 987 Διδασκαλίαις
1656 923 1700 1003 ψιτ

543 1029 608 1098 λῶς
628 1024 704 1096 Αἴας
726 1026 961 1113 ἀναγέγραπται,
983 1024 1069 1089 etin
1091 1046 1208 1109 argum.
1230 1026 1325 1093 Arist.
1348 1027 1416 1091 Pac.
1439 1025 1498 1090 Ill:
1527 1028 1646 1115 φέρεται
1668 1029 1699 1093 ἐν

541 1141 609 1207 ταῖς
630 1138 843 1208 Διδασκαλίαις
873 1138 1038 1223 δεδιδαχὼς
1066 1134 1197 1223 Εἰρήνην
1228 1139 1403 1224 ὁμωνύμως
1435 1136 1699 1226 οἈριστοράνης.

542 1251 668 1335 ltaque,
696 1250 724 1314 si
748 1236 843 1313 'schol
872 1250 926 1313 Ar.
948 1247 1027 1312 Nub.
1057 1245 1120 1311 552
1148 1247 1223 1311 haec
1250 1250 1388 1334 praebet:
1419 1248 1641 1336 Ἐρατοσθένης
1667 1251 1700 1318 δέ

542 1387 618 1449 φησι
639 1360 839 1449 Καλλίμαχον
862 1362 999 1445 ἐγκαλεῖν
1021 1365 1087 1430 ταῖς
1109 1362 1322 1439 διδασκαλίαις,
1344 1360 1388 1425 ὅτι
1411 1360 1552 1447 φέρουσιν
1571 1362 1698 1448 ὕστερον

541 1476 634 1561 τρίτῳ
663 1472 722 1539 ἔτει
736 1474 797 1541 4τδν
819 1472 956 1559 Μαρικᾶν
978 1476 1038 1537 τῶν
1062 1472 1225 1559 Νεφελῶν,
1256 1476 1361 1559 σαφῶς
1388 1473 1520 1537 ἐνταῦθα
1541 1473 1699 1559 εἰρημένου

543 1585 589 1651 ὅτι
615 1584 759 1672 πρότερον
782 1586 932 1676 achaicum
965 1584 1166 1650 Maricantem
1186 1583 1345 1670 Eupolidis
1371 1583 1563 1674 postNubcs
1584 1584 1699 1669 priores

541 1697 667 1761 doctam
686 1696 778 1761 tertio
800 1718 880 1762 enno
902 1718 982 1776 esse,
1005 1696 1058 1761 sed
1079 1696 1201 1761 doctam
1222 1701 1293 1760 ante
1315 1696 1419 1762 Nubes
1439 1694 1603 1773 secundas,
1624 1696 1698 1774 sive,

541 1807 627 1893 quod
646 1808 703 1872 hoe
724 1808 789 1873 loco
810 1808 951 1894 pluribus
973 1809 1124 1893 explicare
1146 1828 1208 1872 non
1230 1808 1351 1887 attinet,
1374 1828 1426 1874 eae
1449 1807 1552 1872 doctae
1575 1807 1698 1884 fuerint,

541 1920 609 1984 sive
623 1925 747 1985 tantum
760 1924 951 1999 retractatae,
967 1926 1103 2006 apparet,
1118 1919 1244 1985 docente
1262 1919 1357 1984 etiam
1371 1919 1579 1985 Eratosthene.
1608 1918 1698 1984 Porro

541 2053 558 2096 e
582 2032 675 2096 schol.
697 2031 776 2096 Nub.
795 2032 857 2096 549
871 2032 1036 2097 ἠονίιοιιοε
1066 2032 1101 2096 οδ
1126 2032 1266 2119 φέρονται
1289 2032 1319 2097 αἱ
1342 2031 1529 2096 διδασκαλίαι
1551 2036 1610 2095 τῶν
1635 2034 1698 2096 δεο-

540 2144 637 2231 τέρων
668 2143 827 2231 Νεφελῶνε
855 2145 875 2207 i.
898 2166 924 2207 ο.
953 2163 1015 2207 non
1042 2142 1156 2226 legitur
1182 2163 1294 2208 nomen
1322 2141 1459 2207 Nuhium
1485 2141 1698 2221 secundarum,
1786 2180 1789 2184 ·

540 2257 648 2340 itaque
671 2256 759 2319 docta
785 2256 859 2320 haec
887 2255 992 2319 fabula
1023 2244 1138 2319 iterum
1164 2276 1226 2320 uon
1248 2260 1302 2320 est.
1347 2254 1390 2318 (ll.
1412 2260 1532 2339 praeter
1552 2253 1627 2318 alios
1649 2254 1698 2318 in-

541 2389 687 2433 numeros
709 2368 835 2433 Teuffel.
857 2368 965 2432 Philol.
988 2368 1046 2432 Vll
1067 2390 1097 2453 p.
1117 2369 1179 2433 352
1195 2389 1239 2451 sq.
1282 2367 1362 2430 Nam
1384 2368 1414 2431 αἱ
1437 2368 1623 2433 διδασκαλίαι
1646 2369 1698 2451 δῆ-

541 2487 595 2547 λον
620 2480 663 2545 δτι
685 2481 737 2550 τὰς
760 2480 954 2566 διδαχθείσας
975 2479 1051 2564 (non
1074 2482 1126 2551 τὰς
1149 2478 1431 2562 διασκευασθαίσας)
1454 2479 1593 2565 φέρουσα
1615 2477 1697 2544 Erat

541 2614 592 2677 ap.
614 2591 707 2657 schol.
729 2591 809 2655 Nub.
832 2592 904 2655 552.
948 2591 1030 2656 Tum
1045 2613 1061 2655 e
1076 2591 1169 2656 schol.
1192 2591 1246 2655 Ar.
1257 2589 1338 2655 Plut.
1362 2590 1438 2654 385:
1460 2592 1492 2655 ἐν
1517 2590 1617 2675 μέντοι
1632 2595 1697 2660 ταῖς

541 2706 756 2775 Διδασκαλίαις
773 2704 830 2789 πρὸ
845 2703 960 2769 τούτων
976 2708 1036 2768 τῶν
1058 2702 1178 2789 χρόνων
1193 2703 1354 2789 Πάμφιλος
1376 2701 1474 2771 οὐδεὶς
1496 2701 1614 2789 φέρεται
1629 2726 1696 2787 τρα·

538 2816 640 2902 γικίς,
663 2801 861 2900 Pamphilum
881 2815 1028 2899 pictorem
1050 2834 1113 2878 non
1135 2814 1286 2896 tragicum
1307 2813 1401 2878 fuisse
1422 2811 1563 2895 colligere
1584 2834 1696 2897 posses,

540 2927 604 2991 nisi
625 2926 694 3011 ipsa
715 2926 831 2991 Comici
852 2926 945 2991 verba
963 2931 996 2996 te
1018 2926 1063 3025 ita
1090 2924 1227 2990 iudicare
1255 2925 1405 2989 iuberent.
1448 2924 1539 2988 Porro
1560 2923 1697 3006 singulas

539 3037 772 3120 tetralogiarum
800 3037 918 3102 fabulas
947 3036 1153 3101 exhibuerunt
1180 3033 1388 3122 didascalice,
1407 3041 1442 3099 ut
1469 3035 1577 3100 docent
1600 3036 1695 3124 schol.

540 3150 619 3215 Itan.
649 3150 829 3229 651124,
865 3170 964 3234 neque
990 3148 1095 3215 addita
1123 3146 1324 3233 explicatione
1352 3146 1431 3225 ulla,
1458 3153 1496 3211 ut
1521 3166 1583 3228 arg.
1609 3147 1696 3211 Aiac.

539 3282 635 3347 supra
655 3261 816 3327 laudatum
838 3262 974 3342 monuit;
996 3262 1043 3326 uti
1065 3261 1098 3326 in
1111 3259 1213 3325 schol.
1235 3258 1312 3324 Itan.
1336 3260 1376 3328 67
1399 3258 1491 3324 verba
1511 3260 1565 3343 τὴν
1588 3260 1619 3324 ἐν
1637 3258 1696 3324 Αδ-

539 3375 600 3440 λίδι
615 3373 860 3439 additamentum
875 3394 940 3438 esse
955 3372 1147 3457 grammatici
1162 3371 1322 3436 cuiusdam
1336 3368 1499 3435 Aristotele
1518 3370 1699 3436 recentioris

538 3491 695 3572 appareat.
731 3485 806 3550 Eius
821 3486 904 3550 modi
919 3484 1135 3569 explicationes
1150 3483 1373 3569 deprehendere
1394 3483 1466 3547 licet
1480 3482 1513 3549 in
1527 3482 1695 3565 fragmento

537 3597 723 3662 didascalico
742 3597 777 3662 in
798 3618 914 3679 argum.
929 3596 1001 3662 Eur.
1017 3596 1092 3682 Alc,
1114 3596 1226 3661 melius
1248 3595 1343 3661 etiam
1365 3596 1398 3659 in
1420 3616 1482 3678 arg.
1499 3594 1571 3660 Eur.
1586 3595 1694 3684 hipp:
1806 3641 1809 3645 -

537 3713 661 3797 πρῶτος
671 3707 845 3796 Εὐριπίδης,
858 3708 1124 3796 δείτεροςἸοφῶν,
1139 3708 1322 3797 τρίτοςἼων.
1340 3707 1403 3774 ἔστι
1416 3710 1449 3773 δὲ
1466 3707 1554 3778 οὗτος
1571 3707 1694 3781 ὁἹττπό·

538 3827 629 3892 λοτος
641 3822 787 3908 δεύτερος,
799 3824 848 3888 καὶ
859 3823 1023 3910 Στεφανίας
1033 3821 1344 3909 προσαγορευόμενος.
1360 3820 1533 3907 ἐμφαίνεται
1545 3821 1601 3906 γὰρ
1614 3821 1693 3886 ὕστα·

539 3958 592 4021 ρον
614 3933 832 4021 γεγραμμένος.
859 3934 976 4019 Nempe
996 3954 1067 3998 cum
1086 3933 1121 3996 in
1136 3932 1310 3998 didascaliis
1326 3932 1373 3997 his
1395 3931 1558 3995 occurrerit
1572 3952 1693 4009 nomen,

537 4045 731 4129 grammatici
753 4045 798 4110 ita
820 4046 1035 4123 distinxerunt,
1058 4044 1316 4129 quemadmodum
1338 4043 1371 4108 in
1387 4042 1561 4128 Sophocleis
1582 4043 1693 4107 fabulis

537 4156 648 4244 Oedipi
663 4157 787 4222 nomine
799 4157 863 4221 usis
878 4158 1023 4237 fecerunt,
1038 4163 1075 4220 ut
1085 4156 1172 4226 docet
1183 4156 1329 4240 arg.70ed.
1343 4156 1414 4238 Tyr.
1430 4194 1471 4201 -
1486 4156 1602 4239 Itaque,
1617 4154 1644 4217 si
1659 4155 1692 4217 in

536 4289 601 4352 arg.
623 4270 732 4335 Aesch.
755 4269 838 4356 Sept.
871 4269 939 4334 adv.
968 4269 1063 4335 Theb.
1092 4269 1224 4335 breviter
1250 4275 1437 4334 memoratur
1458 4268 1691 4353 Πολοφροὶδμων

537 4383 730 4469 Λοκοοργείορ
750 4384 943 4470 τετραλογίαιἸ
958 4403 998 4445 sc.
1020 4382 1117 4469 τρίτος
1139 4381 1193 4469 ἧν;
1216 4382 1325 4453 autin
1347 4380 1439 4446 schol.
1462 4380 1515 4443 Ar.
1537 4378 1594 4440 Αν.
1614 4377 1691 4443 281:

535 4502 578 4579 τῇ
599 4495 770 4561 Πανδιονίδι
792 4495 969 4582 τετραλογία
990 4494 1178 4579 (Philoclis),
1207 4495 1243 4579 ἣν
1267 4497 1316 4559 καὶ
1336 4490 1545 4580 Ἀριστοτέλης
1572 4490 1602 4554 ἐν
1625 4496 1690 4562 ταῖς

534 4608 748 4679 Διδασκαλίαις
778 4610 956 4695 ἀναγράφειν
984 4613 1039 4670 aut
1066 4628 1114 4692 ap.
1144 4605 1244 4670 Schol.
1266 4605 1344 4670 Plat.
1366 4606 1424 4688 Ap.
1449 4601 1478 4665 S.
1502 4601 1565 4666 330
1586 4601 1690 4668 Melea
