4484 5467
644 609 705 673 140
766 657 770 664 .
810 617 816 646 ἲ
890 618 894 624 ’
1010 605 1431 664 ·ou0Laoou.·cAPvr1v.
1489 605 1500 616 ''

643 781 724 856 δίας,
753 778 845 844 πόθεν
868 782 901 844 cb
924 786 1047 866 πρᾶγμα
1070 780 1197 866 εἴρηται,
1227 783 1318 866 δηλοῖ
1344 780 1425 846 οὕτω
1456 780 1584 865 λέγων·
1622 779 1796 851 Abuccius

643 895 727 978 ἥρως
750 892 823 977 πρὸς
846 898 909 963 τοῖς
931 893 962 957 ἐν
983 892 1131 978 ’,λθήναις
1147 893 1356 979 δικαστηρίοις,
1378 897 1434 957 τοῦ
1451 892 1576 979 θηρίου
1595 893 1723 979 μορφὴν
1738 889 1796 978 ἔχει

638 1005 778 1088 (tantum
802 1003 973 1088 Hesychius
994 1028 1019 1067 s.
1042 1025 1070 1067 v.
1092 1004 1194 1070 Λύκου
1218 1005 1330 1089 δεκάς),
1352 1004 1427 1091 πρὸς
1450 1004 1484 1068 ὃν
1514 1006 1546 1068 οἱ
1570 1001 1798 1091 δωροδοκοῦντι

643 1117 718 1182 κατὰ
733 1114 756 1179 ι’
781 1116 951 1201 γιγνόμενοι
967 1117 1193 1202 ἀνεστρέφοντο,
1216 1116 1287 1182 ὅθεν
1301 1116 1412 1203 εἴρηται
1428 1115 1540 1181 Λύκου
1566 1117 1675 1188 δεκάς.
1710 1114 1799 1180 Eadm

643 1229 705 1292 fere
727 1227 858 1310 Elymcl.
887 1227 990 1310 Magn.
1013 1252 1037 1291 s.
1061 1230 1193 1294 δικάσαι.
1238 1228 1366 1294 Photius
1393 1249 1418 1292 s.
1440 1248 1472 1293 ιι.
1504 1228 1649 1314 praebet
1674 1226 1799 1314 συνεστρί

643 1365 749 1428 poam,
772 1339 853 1425 quod
875 1339 973 1422 magis
988 1339 1096 1425 placet,
1119 1361 1217 1424 quum
1238 1339 1310 1405 deni
1331 1339 1456 1421 fuerint,
1478 1340 1542 1424 qui
1564 1359 1639 1405 una
1660 1337 1800 1406 triobolum

644 1455 849 1526 decumanum
864 1452 1016 1533 afferrem,
1028 1452 1100 1516 deni
1115 1473 1246 1535 quoque,
1258 1452 1311 1537 qui
1325 1473 1390 1516 una
1403 1450 1639 1535 largitionibus
1653 1452 1800 1518 'studerent

645 1566 745 1643 Quare
755 1563 883 1630 Phoiius
894 1563 976 1627 idem
988 1568 1019 1628 et
1029 1563 1155 1628 Suidas:
1167 1567 1381 1651 παροιμιῶδες,
1392 1564 1457 1629 ἐπεί
1465 1564 1574 1635 Λύκος
1589 1566 1609 1629 ὁ
1623 1564 1801 1652 ἥρωςίδρντι
1833 1635 1835 1640 ,

645 1678 726 1764 παρὰ
746 1680 810 1747 τοῖς
828 1678 1036 1762 δικαστηρίοις,
1056 1675 1133 1741 ἔνθα
1143 1679 1352 1763 προσήδρευον
1372 1676 1400 1740 oi
1415 1678 1627 1762 συκοφάνται.
1653 1675 1755 1742 Hic-oi
1768 1699 1801 1739 co
1833 1661 1835 1740 ss

645 1793 861 1875 κοφαντοόντες
872 1794 903 1853 et
916 1791 1097 1875 συκοφάνται
1112 1787 1207 1852 iidem
1218 1793 1291 1852 suni
1302 1793 1393 1871 atque
1406 1788 1434 1851 οί
1445 1789 1723 1873 δωροδοκοῦντες.
1737 1784 1802 1865 Quod

644 1924 715 1967 vero
731 1902 816 1966 addit
831 1901 971 1967 Phoiius:
988 1902 1141 1987 ἀφώριστο
1157 1901 1191 1965 δὲ
1206 1900 1291 1985 αὐτῷ
1304 1900 1468 1988 τριώβολον
1484 1904 1545 1984 τῆς
1560 1900 1703 1989 ἡμέρας,
1717 1899 1802 1964 idom

644 2015 792 2080 nilestum
806 2019 867 2092 est3
889 2012 1050 2095 significat,
1071 2012 1152 2097 quod
1166 2032 1259 2097 supra
1273 2010 1425 2097 proposui.
1461 2009 1548 2095 Lyco
1569 2010 1669 2079 heroi
1690 2010 1802 2100 ρεταιν

646 2127 732 2212 gulos
747 2126 812 2191 dies
832 2125 1015 2190 iudiciorum
1035 2123 1172 2207 singulos
1186 2123 1328 2191 triobolos
1343 2143 1462 2189 sacrare
1476 2122 1682 2211 solebant').
1721 2121 1802 2190 Pluri-

646 2241 703 2305 bus
732 2239 825 2303 etiam
852 2236 981 2321 Etymol.
1010 2236 1158 2319 Magnum
1179 2259 1204 2301 s.
1226 2257 1256 2301 v.
1287 2239 1424 2302 δικάσαις
1452 2237 1486 2300 τὸ
1519 2238 1720 2326 διαφθείρειν
1748 2235 1802 2305 τώς

647 2354 821 2424 δικάζοντας
848 2351 897 2413 καὶ
923 2348 994 2419 τοὺς
1021 2348 1236 2434 ἐκκλησιαστὰς
1262 2349 1401 2435 χρήμασι
1431 2349 1481 2413 καὶ
1514 2349 1638 2435 δώροις
1674 2350 1802 2436 (Zonaras

646 2468 769 2527 tantum
797 2463 929 2534 δεκάζειν
957 2461 990 2524 cb
1019 2460 1200 2547 διαφθείρειν
1229 2459 1406 2547 χρήμασιν).
1450 2460 1573 2547 ἐκλήθη
1606 2463 1646 2527 δὲ
1677 2464 1736 2529 ἀπὸ
1762 2447 1801 2526 cci

525 2563 534 2582 ’
636 2575 722 2639 «κατὰ
750 2573 822 2637 δέκα
851 2573 1089 2659 ἀθροιζομένους
1122 2574 1284 2662 λαμβάνειν
1312 2573 1349 2637 τὰ
1377 2573 1470 2658 δῶρα.
1521 2575 1656 2659 πρῶτον
1688 2574 1720 2641 δέ
1746 2596 1802 2660 φησι

647 2685 682 2769 (l.
713 2685 800 2771 φασι)
829 2687 951 2750 δεκάσαι
974 2684 1097 2771 Μέλητα
1125 2684 1197 2769 (leg.
1220 2683 1374 2771 Μέλητον,
1402 2702 1500 2767 quum
1531 2684 1624 2770 apud
1647 2687 1801 2773 Harpoom-

647 2798 767 2862 tionem·
790 2797 924 2881 legatur:
951 2795 1162 2883 Ἀριστοτέλης
1191 2796 1218 2861 δ’
1254 2797 1284 2862 ἐν
1311 2795 1485 2881 Ἀθηναίων
1520 2800 1671 2886 πολιτείᾳ
1695 2794 1801 2880 Ἀαρών

648 2935 721 2997 φησι
743 2912 913 2985 καταδεῖξαι
935 2911 968 2974 τὸ
991 2912 1123 2984 δεκάζειν
1146 2910 1183 2974 τὰ
1210 2908 1410 2994 δικαστήρια).
1455 2906 1514 2971 His
1545 2907 1653 2992 igitur
1685 2910 1800 2977 mono

648 3023 708 3088 niis
730 3022 808 3088 illud
841 3021 1036 3108 perspicuum
1057 3024 1107 3100 fic,
1141 3021 1258 3105 Lycum
1286 3020 1411 3085 heroem
1441 3018 1586 3085 omnium
1609 3023 1800 3089 tribunalium

647 3134 741 3200 luisse
756 3140 928 3220 patronum,
945 3135 1071 3219 eiusque
1085 3133 1286 3199 simulacrum
1309 3131 1456 3217 (Etymol.
1474 3134 1709 3221 ἀνεστήλωεαι)
1730 3152 1800 3222 propo

638 3269 746 3313 unum
764 3246 905 3330 quodque
920 3246 1117 3312 dicasterium
1132 3246 1291 3311 conditum
1312 3245 1417 3309 fuisse.
1462 3243 1550 3308 Vnde
1574 3255 1800 3313 consentancum

648 3366 709 3438 est,
743 3364 798 3423 aut
825 3358 928 3423 omnia
956 3359 994 3423 ab
1021 3358 1110 3424 beroe
1139 3365 1266 3444 patrono
1294 3378 1407 3423 nomen
1436 3355 1547 3420 ducere
1577 3360 1738 3441 potuisse,
1762 3361 1801 3422 aul

648 3471 780 3535 nullum.
823 3468 989 3553 Equidem,
1012 3475 1048 3534 ub
1069 3491 1153 3535 nunc
1174 3491 1240 3535 rem
1262 3469 1428 3556 perspicio,
1451 3467 1611 3533 Pollucem
1636 3468 1800 3536 crediderim

649 3581 709 3648 sibi
736 3581 861 3646 finxisse
894 3581 1091 3647 dicasterium
1124 3584 1157 3647 τὸ
1188 3584 1237 3647 ἐπὶ
1264 3582 1383 3661 Λώιου;
1417 3602 1490 3646 nam
1524 3601 1606 3665 quae
1637 3587 1801 3670 sequuntur,

650 3695 775 3760 aliunde
797 3694 957 3759 notissima
978 3700 1052 3760 sunt
1074 3702 1166 3781 abque
1188 3695 1327 3760 eiusdem
1339 3693 1482 3778 originis:
1503 3713 1580 3758 nam
1603 3696 1693 3779 quod
1715 3677 1803 3761 habel:

650 3811 742 3874 πάλαι
770 3806 799 3872 δ’
823 3808 888 3874 ἐκεῖ
909 3804 1057 3893 συνῄεσαν
1088 3810 1116 3872 οἱ
1140 3809 1369 3882 συνδεκάζοντες
1395 3806 1490 3891 (quod
1511 3805 1654 3874 Meursio
1678 3809 1804 3874 debemus

649 3941 705 4006 pro
729 3921 968 4004 σονδικοίζοντες)
989 3923 1024 3986 τὰ
1048 3902 1238 4007 δικαστήριατ
1260 3940 1322 3984 non
1345 3923 1424 3984 recbe
1446 3918 1571 3983 videtur
1593 3918 1756 3990 aPolluce
1768 3918 1804 3982 io·

649 4032 808 4097 tellectum
840 4052 914 4097 esse.
965 4032 1124 4118 Repcnam
1155 4038 1214 4100 τῶν
1252 4032 1460 4119 δικαστηρίοιν.
1511 4028 1549 4096 Oi
1584 4035 1806 4108 συνδεκάζονες

652 4249 718 4258 ...ι--
722 4250 784 4257 Υ--υι
787 4250 857 4258 -—--

720 4355 742 4422 *)
761 4354 940 4423 Bernhardyus
958 4354 991 4406 ad
1009 4353 1113 4406 suidam
1133 4368 1153 4405 s,
1171 4369 1196 4406 ν.
1214 4350 1245 4405 Λ.
1263 4352 1315 4405 δεκ.
1335 4351 1421 4405 Meieri
1440 4350 1472 4402 oe
1490 4349 1565 4402 bouis
1585 4349 1677 4406 damu.
1700 4353 1748 4406 114
1764 4363 1808 4420 pro

649 4448 694 4499 bat
711 4444 869 4507 sententiam,
888 4440 972 4499 αὐτοῖς
989 4440 1005 4492 i.
1021 4456 1042 4494 e.
1061 4438 1189 4497 δικασταῖς
1207 4439 1283 4491 scribi
1302 4438 1424 4492 iubentis.
1462 4436 1550 4502 Longe
1575 4436 1653 4489 aliter
1666 4425 1809 4492 cumdio
1839 4443 1841 4474 ³

651 4530 851 4592 somersetam,
870 4529 941 4580 cuius
960 4541 1007 4590 ego
1024 4527 1083 4578 licet
1101 4526 1266 4593 sagacitatem
1285 4529 1360 4592 atque
1378 4524 1506 4592 ingenium
1525 4522 1649 4588 probem,
1672 4527 1810 4594 argumenta
1839 4563 1842 4590 ,

652 4617 759 4683 probare
777 4632 827 4669 uon
845 4630 950 4685 possum
969 4613 1029 4677 (vid.
1048 4613 1102 4665 eius
1119 4612 1187 4665 Diss
1206 4611 1236 4663 de
1254 4612 1387 4664 sortitione
1404 4609 1516 4661 iudicum
1533 4623 1594 4675 pag.
1613 4607 1650 4663 34
1669 4612 1746 4680 sqq.).
1839 4607 1842 4650 ῑ
