4484 5467
549 630 609 692 148
928 624 1118 679 sicciscos.
1154 621 1266 677 ovah
1283 621 1320 676 lv

547 800 633 863 cibus
662 797 813 882 usurpari.
864 795 987 881 Optime
1016 796 1099 860 enim
1128 793 1258 879 quilibet
1281 793 1376 858 iudex
1404 756 1535 879 poterht
1564 796 1698 885 βακτηρία,

548 913 711 1000 σύμβολον,
734 912 900 998 τριβώνιον,
922 911 1088 997 τριώβολον
1112 913 1168 970 etc.
1191 926 1210 968 υ
1231 904 1419 970 derisoribus
1442 906 1563 972 vocari.

632 1022 715 1086 XXI.
758 1021 808 1085 Ab
830 1021 887 1085 hcc
908 1019 1004 1103 igitur
1027 1017 1144 1097 baculo,
1166 1038 1259 1103 quem
1281 1016 1424 1083 Comicus
1448 1018 1580 1105 saepius
1601 1037 1698 1084 memo

546 1135 644 1215 ravit,
674 1134 813 1198 diversus
841 1138 887 1196 est
915 1132 993 1196 alter
1021 1131 1150 1195 baculus
1176 1134 1292 1202 minor,
1319 1149 1414 1213 quem
1442 1129 1532 1195 inter
1562 1131 1650 1218 σκεύη
1669 1133 1697 1196 δι·

547 1248 673 1312 καστικὰ
694 1244 805 1309 Pollux
827 1265 898 1308 cum
920 1241 1056 1328 symbolo
1078 1242 1227 1306 nominat
1270 1241 1336 1317 Quo
1364 1242 1402 1306 de
1431 1248 1562 1328 praeter
1588 1241 1698 1308 snitum

545 1359 663 1423 multus
685 1364 732 1421 est
752 1356 916 1421 scholiasta
936 1357 991 1420 Ar.
1014 1353 1059 1417 Pl.
1082 1354 1156 1418 277.
1199 1352 1311 1417 Suidss
1339 1352 1451 1436 igitur:
1488 1356 1637 1444 βακτηρία
1660 1355 1697 1420 καί

547 1471 715 1558 σύμβολον,
751 1469 767 1532 δ
801 1466 943 1555 λαχόντες
971 1470 1099 1541 δικάζειν
1134 1467 1304 1554 ἐλάμβανον
1337 1466 1419 1551 παρὰ
1453 1470 1519 1532 τῶν
1556 1466 1696 1554 δημοσίαν

548 1583 702 1667 ὑπηρετῶν
728 1580 882 1669 σύμβολον
912 1581 962 1644 καί
990 1579 1149 1667 βακτηρίαν
1179 1579 1229 1642 καί
1257 1577 1355 1647 οὕτως
1384 1577 1541 1652 ἐδίκαζον.
1588 1577 1637 1663 (Ιιι
1661 1576 1698 1640 hie

547 1690 742 1756 scribendum
771 1712 878 1756 censeo
909 1694 937 1756 οἱ
965 1696 1033 1778 λαχ.
1055 1710 1110 1775 pro
1134 1690 1160 1769 ὅ,
1188 1688 1249 1753 nisi
1270 1686 1512 1773 typothetarum
1537 1708 1622 1754 error
1642 1687 1698 1772 est)

545 1806 599 1887 τὴν
629 1802 723 1890 χρόαν
761 1804 868 1890 ὁμοίαν
903 1802 970 1890 εἶχε
1000 1810 1041 1886 τῇ
1071 1803 1216 1890 βακτηρία
1243 1802 1277 1866 τὸ
1305 1801 1512 1887 δικαστήριον.
1549 1802 1584 1866 τὸ
1614 1802 1698 1889 μέντοι

547 1916 701 2003 σύμβολον
720 1916 794 2001 μετὰ
815 1917 869 2000 τὴν
893 1916 987 2002 κρίσιν
1011 1913 1203 1985 ἀποδιδόντες
1222 1913 1399 2000 ἐκομίζοντο
1413 1914 1601 2000 τριώβολον.
1632 1912 1698 1978 Hinc

544 2033 681 2113 apparet,
705 2026 862 2092 diversum
883 2026 977 2091 fuisse
999 2024 1144 2090 baculum
1166 2047 1185 2089 a
1206 2024 1352 2109 symbolo,
1374 2023 1459 2109 quod
1480 2023 1566 2088 mihi
1587 2024 1699 2110 quidem

545 2159 607 2204 non
628 2138 751 2204 videtur
772 2138 837 2203 veri
859 2160 924 2203 esse
946 2138 1063 2217 simile3
1086 2138 1237 2202 Kusterus
1258 2143 1378 2201 tomen:
1416 2135 1585 2220 „Legerim
1606 2136 1696 2222 potius

546 2252 699 2340 σύμβολον
720 2253 775 2336 τὴν
800 2251 969 2339 βακτηρίαν.
1013 2250 1080 2334 Ipse
1108 2249 1193 2314 enim
1220 2247 1364 2327 baculus,
1392 2248 1449 2333 qui
1471 2248 1634 2313 iudicibus
1654 2246 1698 2312 da·

543 2364 648 2440 batur,
677 2361 850 2446 symbolum
878 2370 943 2427 orat
969 2362 1108 2426 muneris
1135 2364 1323 2438 δικαστικοδ,
1346 2364 1381 2423 ut
1403 2359 1485 2436 clare
1509 2361 1602 2427 docet
1622 2361 1698 2426 echo

543 2474 633 2537 liasta
661 2473 876 2557 Aristophanis
904 2475 949 2538 Pl.
978 2475 1052 2539 277.
1082 2473 1175 2538 278.ιι
1226 2473 1284 2537 Cui
1313 2470 1441 2558 opponit
1470 2472 1699 2559 Bemhardyus:

546 2584 684 2665 „Mireris
710 2583 880 2649 Kusterum
908 2586 988 2650 inter
1014 2585 1077 2650 alie
1103 2586 1298 2672 praeterisse,
1326 2583 1408 2668 quod
1430 2583 1549 2649 diserte
1571 2606 1698 2673 pronun·

543 2695 638 2760 ciavit
665 2695 817 2775 scholion,
841 2698 942 2762 ἐδίδου
965 2699 1051 2784 αδτιρῖ
1072 2699 1106 2762 τδ
1129 2701 1264 2764 πινάκιον
1287 2695 1383 2761 αὐτοῦ
1406 2698 1457 2762 καὶ
1479 2699 1537 2782 τὴν
1565 2701 1695 2788 βάβδον.“

543 2807 626 2883 Quae
654 2828 731 2872 num
758 2813 838 2872 recte
860 2807 1017 2895 disputate
1038 2810 1117 2888 sint,
1146 2809 1252 2873 stetim
1273 2807 1443 2873 videamus.
1490 2810 1591 2886 Quale
1612 2809 1698 2894 igitur

541 2919 626 2984 istud
647 2920 821 3005 symbolum
842 2921 943 3001 fuerit,
967 2921 1078 2986 Suidas
1101 2922 1231 3004 ignorat7
1254 2942 1351 3005 quum
1372 2920 1480 2985 scribit
1501 2943 1527 2985 s.
1544 2943 1576 2987 v.
1594 2922 1697 3011 σόμβο·

542 3037 612 3111 λον,
642 3032 659 3096 δ
687 3035 860 3122 ἐλάμβανον
891 3037 918 3099 οἱ
947 3035 1081 3099 δικασταὶ
1109 3036 1151 3104 είς
1177 3033 1211 3098 τό
1241 3034 1430 3119 δικαστήριον
1459 3033 1615 3114 εἰσιόντες,
1641 3033 1698 3098 εἶτα

541 3150 631 3209 τοῦτο
656 3144 756 3216 δόντες
776 3146 810 3209 τό
835 3147 1001 3210 δικαστικόν
1026 3146 1215 3232 ἐκομίζοντο.
1248 3144 1327 3230 ἦσαν
1351 3145 1385 3209 δέ
1406 3145 1565 3229 (symbola
1586 3144 1653 3210 scil.
1672 3149 1698 3207 el

542 3256 719 3340 disasteria)
747 3258 797 3321 τὸν
828 3259 957 3344 άριίλμὸν
982 3259 1041 3322 ἀπὸ
1070 3262 1125 3322 τοῦ
1149 3258 1180 3323 α’
1205 3259 1266 3328 ἕως
1287 3262 1342 3322 τοῦ
1365 3255 1406 3323 κ’.
1452 3255 1608 3322 Similiter
1629 3256 1696 3321 Lex.

541 3368 618 3432 rhet.
646 3390 677 3453 p.
701 3369 772 3446 301,
804 3369 836 3430 l:
858 3367 1063 3456 γραμματεῖόν
1086 3395 1129 3449 τι,
1158 3371 1174 3434 ὃ
1198 3372 1349 3459 ἐλάμβανε
1370 3372 1431 3433 τῶν
1455 3371 1609 3436 δικαστῶν
1632 3370 1697 3434 ἕκα-

543 3485 611 3549 στος
641 3481 740 3543 εἰσιὼν
769 3481 810 3549 εἰς
836 3481 869 3544 τὸ
899 3484 1105 3568 δικαστήριον,
1135 3482 1153 3545 ό
1181 3483 1242 3545 ἐστι
1270 3483 1414 3546 πινάκιον.
1459 3478 1697 3546 Scholiaetorum

541 3611 613 3654 vero
636 3590 716 3654 elius
737 3590 841 3672 alitem
864 3591 1015 3658 secundus
1038 3594 1137 3658 enim:
1161 3594 1228 3658 όσυι
1251 3596 1284 3658 δὲ
1310 3594 1444 3659 δικασταί
1464 3591 1545 3678 ἦσαν
1563 3596 1596 3660 ἐν
1610 3594 1698 3680 Ἀθή-

543 3726 615 3780 ναις,
639 3703 765 3772 ἕκαστος
787 3703 859 3767 καθ’
885 3704 1010 3770 ἕκαστον
1035 3708 1226 3792 δικαστήριον
1249 3707 1316 3793 εἶχε
1338 3705 1452 3783 δέλτον,
1473 3705 1613 3770 τουτέστι
1635 3704 1698 3790 (od-

541 3813 589 3877 dit
609 3813 759 3898 Venetus)
781 3817 915 3881 πινάκιυν
939 3818 969 3881 ἐν
995 3812 1020 3904 ᾦ
1043 3818 1286 3905 ἐγγεγραμμένον
1308 3818 1347 3904 ἦν
1369 3817 1403 3881 τὸ
1426 3814 1526 3903 ὄνομα
1541 3816 1699 3882 αὐτοῦκαὶ

540 3931 594 3990 τοῦ
619 3926 820 4012 δικαστηρίου.
854 3927 919 4014 εἶχε
942 3930 1047 3994 δὲκαὶ
1070 3932 1180 4018 ῥάβδον
1205 3930 1269 4014 ἅμα
1291 3936 1337 4016 τιηῖ
1357 3929 1485 4014 πινακίῳ
1500 3930 1551 3994 καί
1567 3930 1600 3996 ἐν
1622 3929 1699 4012 αὐτῇ

541 4041 574 4104 δὲ
602 4046 643 4123 τηῙ
673 4040 775 4126 ῥάβδῳ
804 4036 897 4123 ἦντὸ
927 4038 1026 4126 ὄνομα
1046 4045 1101 4104 τοῦ
1126 4044 1318 4129 δικαστηρίου
1340 4041 1599 4127 ἐγγεγραμμένον.
1642 4041 1698 4105 Hic

539 4172 593 4237 pro
614 4155 669 4215 τοῦ
699 4152 891 4237 δικαστηρίου
919 4150 1046 4234 legerim
1072 4156 1127 4216 τοῦ
1151 4155 1293 4239 δικαστὴν
1316 4153 1413 4231 εἶναι,
1440 4172 1515 4217 nam
1541 4160 1599 4219 τοῦ
1623 4157 1697 4219 δικα-

531 4265 665 4351 -ατηρίου
689 4262 773 4326 omni
795 4282 887 4327 sensu
909 4268 1000 4328 caret.
1045 4262 1215 4329 Scholiasta
1230 4286 1351 4351 quoque
1365 4264 1476 4330 tertius
1491 4264 1552 4330 ito:
1579 4267 1696 4355 ἔρχεται

539 4378 666 4447 ἕκαστος
688 4377 731 4447 εἷς
752 4376 785 4440 τὸ
808 4378 943 4440 πινάκιον
968 4374 1050 4461 ἔχων
1074 4375 1331 4465 ἐπιγεγραμμένον
1353 4378 1387 4442 τὸ
1411 4375 1510 4463 ὄνομα
1532 4378 1698 4444 αὐτοῦκαὶ

539 4489 687 4575 πατρόθεν
716 4490 766 4553 καὶ
792 4492 847 4552 τοῦ
878 4488 979 4572 δήμου
1008 4489 1057 4551 καὶ
1084 4490 1210 4575 γράμμα
1232 4491 1263 4555 ἐν
1287 4516 1313 4554 τι
1338 4488 1424 4576 μέχρι
1447 4494 1502 4554 τοῦ
1525 4489 1570 4569 κ’,
1595 4491 1695 4556 διὰτὸ

540 4602 632 4664 πάλαι
657 4602 728 4665 δέκα
751 4602 847 4690 φυλὰς
869 4599 945 4665 εἶναι
967 4598 1127 4686 Ἀθήνησι,
1151 4601 1293 4687 διῄρηντο
1314 4602 1372 4689 γάρ
1393 4602 1468 4667 κατὰ
1489 4605 1598 4689 φυλάς.
1631 4602 1696 4666 Hac
