4484 5467
511 320 561 388 μή
978 312 1175 370 tollitur

497 510 548 562 440
654 490 707 562 οὓς
729 492 789 575 ἐγὼ
810 489 927 565 ’δίδαξα
949 492 1050 556 κλάειν
1072 490 1188 578 τέτταρ’
1212 490 1244 562 ἐς
1266 492 1321 577 τὴν
1342 491 1478 578 χοίνικα;

1014 615 1138 674 ΧΟΡΟΣ.

649 715 714 780 εἶτα
737 713 805 799 δῆτ’
833 713 869 779 οὐ
893 713 982 779 πόλλ’
1009 713 1104 779 ἔνεστι
1126 713 1207 779 δεινὰ
1228 719 1275 799 τῷ
1294 715 1377 802 γήρᾳ
1399 717 1496 794 ιιαιιοί;

656 829 789 912 δηλαδή·
810 829 860 892 καὶ
882 831 935 892 νῦν
957 851 992 912 γε
1013 826 1112 891 τούτω
1134 827 1185 891 τδν
1208 828 1335 891 παλαιδν
1359 827 1506 915 δεσπότην

647 939 724 1024 πρὸς
747 938 999 1024 βίανχειροῦσιν,
1023 937 1111 1003 οὐδὲν
1134 941 1194 1002 τῶν
1217 940 1310 1003 τιοίλαι
1334 940 1521 1028 μεμνημένοι

649 1050 798 1135 διφθερῶν
822 1050 1016 1134 κάξωμίδων,
1039 1049 1073 1119 ἃς
1097 1047 1187 1120 οὗτος
1208 1049 1313 1122 αὐτοῖς
1334 1051 1473 1138 ἠμπόλα,

491 1179 543 1232 445
646 1162 697 1226 aed
718 1165 817 1238 κυνᾶς,
839 1159 981 1229 καὶτοὺς
1003 1159 1098 1231 πόδας
1118 1164 1272 1247 χειμῶνος
1295 1159 1383 1234 ὄντος
1405 1163 1527 1251 ὠφέλει,

524 1436 548 1475 ν.
560 1419 619 1473 441.
655 1416 737 1470 πολλά
755 1416 778 1487 γ’
800 1416 854 1470 ἔστι
867 1418 931 1470 οοιιί.
944 1417 1052 1470 Kiddius
1065 1418 1098 1470 ad
1109 1419 1207 1473 Daves.
1219 1421 1253 1475 li.
1264 1437 1290 1489 p.
1302 1419 1360 1473 ott.
1387 1421 1420 1476 ol.
1433 1421 1502 1478 Reis.
1515 1420 1544 1477 G.
1555 1438 1596 1491 p.
1634 1423 1689 1486 219,

523 1522 548 1559 v.
560 1504 620 1557 442.
656 1502 767 1575 δηλαδή;
790 1504 874 1572 vulgo.
910 1502 976 1573 δῆλα
999 1503 1030 1573 δὴ
1053 1507 1195 1573 praemisso
1216 1507 1424 1576 interrogationis
1442 1508 1514 1578 signo
1530 1508 1572 1562 Fl.
1604 1507 1673 1569 Cle,

558 1595 584 1643 et
601 1591 771 1643 Buttmannns
790 1590 822 1642 ad
839 1590 905 1644 Plat.
924 1589 984 1644 Crit.
1002 1608 1028 1659 p.
1047 1591 1088 1646 93.
1100 1622 1134 1629 -
1146 1592 1212 1662 δῆλα
1230 1590 1253 1645 δ’
1275 1592 1296 1645 τί
1313 1592 1357 1645 ιιαὶ
1374 1592 1437 1647 Oob.
1460 1595 1558 1659 Mnem,
1580 1597 1632 1647 at
1647 1594 1666 1645 δ’

558 1678 602 1730 vix
618 1677 683 1728 ieme
700 1677 793 1744 possis.
811 1705 845 1713 —
863 1676 912 1728 Pro
930 1676 1013 1730 τοδτω
1031 1677 1150 1730 Reiskius
1168 1677 1233 1731 coni.
1250 1674 1357 1742 τούτων,
1374 1677 1392 1731 i.
1410 1693 1433 1731 e.
1452 1693 1583 1731 servorum.

522 1780 546 1816 v.
558 1761 617 1817 445.
653 1761 724 1821 ὄντος
742 1763 826 1830 vulgo.
862 1761 922 1823 οἵως
942 1764 1028 1817 Reisk.

537 2023 562 2061 v.
584 2003 643 2058 440.
683 2001 782 2055 ιιλιίεινι
809 2002 887 2056 schol.
914 2003 970 2057 ἀντὶ
994 2005 1040 2057 τοῦ
1089 2001 1218 2069 flagellum
1245 2000 1369 2071 appellari
1397 2003 1471 2071 quasi
1497 1999 1623 2056 benefitium
1719 2031 1741 2074 -p

486 2091 561 2146 εἰπεῖν
573 2091 669 2144 πέττειν
688 2090 731 2141 καὶ
743 2089 879 2162 διαρτίζειν.
906 2091 965 2144 Non
981 2105 1041 2143 vero
1091 2088 1218 2156 quoddam
1236 2088 1350 2142 audiunt.

486 2177 609 2232 beneficia
631 2193 708 2230 sonex
726 2178 805 2228 sorvis
823 2176 909 2229 obluta
933 2192 1041 2230 comme·
1141 2192 1165 2229 v.
1183 2176 1242 2228 441.
1277 2173 1331 2227 Iam
1358 2171 1451 2228 oliorus
1477 2176 1502 2228 in
1526 2189 1567 2242 seq.
1584 2183 1614 2222 rr.
1713 2199 1718 2206 ·

485 2267 629 2317 moraturus
646 2266 693 2326 est,
711 2265 738 2313 ut
752 2262 887 2330 Berglerus
904 2263 1041 2333 explicavit
1089 2263 1199 2324 enarrat,
1213 2275 1277 2328 quae
1288 2263 1398 2327 possunt
1409 2259 1529 2314 beneficia
1543 2261 1564 2312 in
1576 2270 1613 2310 aer·
1712 2267 1742 2316 :t

486 2349 648 2403 scholiastam
667 2353 797 2415 sequutus,
815 2350 887 2416 (prasi
904 2350 953 2401 hoo
965 2350 1041 2401 bene·
1088 2361 1134 2398 vos
1152 2347 1301 2414 nuncupari.
1337 2347 1405 2400 Sunt
1423 2351 1506 2400 autem
1521 2339 1612 2417 tvpttpu
1725 2365 1749 2400 a:

483 2434 569 2488 ficium
580 2435 662 2503 possit
679 2435 771 2498 vocari,
789 2436 859 2488 iussu
878 2435 973 2488 domini
984 2436 1039 2504 pin·
1088 2430 1214 2501 ἐξωμίδες,
1232 2438 1315 2497 novat,
1333 2432 1450 2503 ἐμβάδας.

415 2527 418 2532 ’
484 2536 540 2574 sere
557 2527 583 2573 et
600 2536 721 2590 coquere3
744 2521 789 2573 sed
808 2520 945 2590 Cecropem
967 2522 1038 2574 urbis
1138 2518 1200 2570 ibid.
1234 2519 1318 2571 κακοίι
1345 2519 1377 2571 ad
1404 2519 1465 2573 itur.
1488 2519 1569 2572 Phoen
1585 2526 1612 2566 rt

483 2607 638 2660 conditerem
659 2608 792 2672 invocans,
820 2609 946 2676 queritur,
970 2607 1038 2675 quod
1086 2605 1201 2673 sperisse
1226 2603 1357 2659 Comieum
1381 2609 1457 2674 putat
1478 2595 1612 2658 Personat

483 2694 564 2759 servi,
590 2708 653 2761 quos
680 2693 795 2746 docuerit
820 2694 888 2746 dieto
906 2693 1037 2746 audientes
1086 2707 1110 2744 v.
1129 2689 1187 2744 538.

481 2795 550 2845 esse,
573 2779 657 2848 legum
676 2784 702 2832 et
722 2784 914 2849 praeceptorum
931 2794 1035 2848 prorsus
1136 2777 1197 2830 ibid.
1233 2778 1265 2830 ad
1280 2776 1332 2830 ιῐτα
1346 2776 1403 2849 δῆτ’
1425 2777 1476 2833 rid.
1488 2769 1614 2832 mount

480 2867 640 2918 immemores
663 2866 724 2918 faeti
750 2868 808 2920 sint.
849 2866 922 2919 Servi
942 2869 1035 2931 autem,
1083 2880 1109 2932 p.
1127 2863 1186 2918 264.

480 2952 539 3006 dum
563 2952 697 3020 vapulant,
724 2953 820 3004 scilieet
841 2953 873 3004 ab
899 2952 1034 3021 imperioso
1136 2967 1159 3003 v.
1178 2950 1237 3002 442.
1257 2945 1616 3015 aeteuxaanthnsetsmm

479 3039 581 3091 domino
604 3039 760 3100 sineloausa
781 3040 861 3102 iusta,
883 3040 989 3107 pinsunt
1010 3042 1035 3091 et
1084 3052 1143 3088 nam
1172 3037 1262 3105 reliqui
1292 3037 1319 3089 in
1347 3036 1418 3089 nullo
1444 3040 1504 3090 sunt
1526 3046 1618 3094 numero,
1729 3037 1736 3046 '

479 3123 956 3193 coquunt3flentigitur,dumpinsunt.
973 3124 1034 3177 lnde
1084 3123 1177 3191 quippo
1208 3123 1331 3196 πρόσωπα
1361 3124 1449 3197 stupri.
1485 3121 1517 3178 ei.
1540 3137 1561 3174 v.
1580 3115 1619 3172 iti

476 3209 575 3283 τίτταρ’
598 3212 634 3273 (et
651 3212 769 3277 quattuor
786 3214 872 3277 panes
890 3209 1000 3266 Acharn.
1018 3212 1034 3264 2
1084 3207 1142 3260 ἀλλ’
1165 3208 1221 3267 ἄνις
1240 3209 1379 3279 postuleris
1395 3209 1441 3262 οιαὶ
1457 3207 1496 3262 ed.
1744 3241 1764 3260 ..
1826 3269 1828 3276 y

478 3302 503 3348 et
518 3298 617 3365 quater)
635 3295 668 3353 είς
689 3295 736 3365 τὴν
762 3295 860 3368 χοίνικα
884 3298 973 3360 (sohel.
997 3295 1034 3350 δτι
1134 3311 1159 3348 v.
1176 3295 1236 3350 443.
1264 3295 1327 3369 πρὸς
1346 3295 1411 3366 βίον.
1444 3295 1509 3350 Aen.
1525 3291 1556 3348 ’ίδ
1573 3287 1622 3360 opit
1783 3285 1800 3332 ’ἕ

478 3382 512 3441 τίς
529 3383 576 3452 τὴν
594 3381 693 3455 χοίνικα
710 3381 826 3454 τέσσαρες
843 3383 947 3453 μεγάλοι
965 3383 1034 3455 ἄρτοι
1083 3379 1138 3449 βίαν
1158 3379 1282 3450 ἐπίνομεν.
1311 3382 1390 3451 Vesp.
1411 3381 1479 3436 1080
1496 3379 1623 3448 ὲξιλιῐνμν
1729 3393 1799 3440 :¹:2¹¹

478 3469 616 3539 γίγνονται,
633 3468 717 3540 μικροὶ
732 3467 758 3520 δὲ
775 3470 815 3540 η’)
843 3473 976 3538 utrumque
1000 3469 1034 3521 si·
1082 3466 1257 3540 νωνῶν-πρὸς
1281 3467 1346 3538 βίαν.
1370 3466 1433 3536 Itys.
1459 3465 1509 3520 153
1530 3461 1625 3536 etrapit
1732 3491 1756 3528 ;-
1783 3485 1797 3500 ·¹
1816 3475 1831 3500 ²

477 3553 589 3622 gnificat,
601 3554 761 3621 primumrdc
770 3554 853 3619 πέδας,
860 3555 971 3623 pedicae,
979 3557 1033 3607 tum
1082 3551 1147 3621 βίαν.
1164 3553 1262 3607 Eccles.
1280 3553 1331 3606 lot
1349 3552 1500 3624 ἀναγκάζων
1515 3571 1541 3606 ιι.
1553 3551 1575 3622 β.
1584 3549 1623 3604 tlt

478 3640 630 3705 sextarium3
657 3643 682 3692 et
703 3644 839 3707 utrumque
863 3645 950 3694 nostro
976 3641 1032 3693 loeo
1080 3636 1110 3690 τὸ
1129 3657 1156 3691 τ.
1175 3638 1197 3707 β.
1216 3638 1366 3693 δεινότατον.
1403 3639 1464 3692 Alia
1482 3655 1516 3692 ex
1537 3635 1625 3708 tragicis
1727 3651 1751 3708 J,

476 3725 585 3794 intelligi
596 3724 666 3777 iubet
676 3724 801 3778 Comicus.
826 3727 935 3780 Prorsus
944 3726 1032 3779 eadem
1081 3724 1254 3794 suppeditavit
1271 3725 1416 3793 Berglerus.
1805 3781 1811 3790 ,

476 3813 575 3866 ratione
587 3826 688 3864 versum
705 3811 757 3865 450
772 3813 945 3881 accipiendum
958 3813 1032 3867 duee.
1132 3828 1156 3864 v.
1173 3812 1232 3865 444.
1267 3808 1434 3880 ιιάξωμίδωνι
1455 3811 1536 3866 schol.
1551 3809 1625 3882 pau
1728 3849 1745 3872 ,.
1787 3831 1806 3856 -,

477 3899 560 3952 Herus
578 3897 645 3950 enim
663 3899 823 3950 severitatem
840 3914 910 3951 suam
923 3913 974 3950 non
990 3914 1033 3951 ou·
1081 3895 1186 3949 δουλικὰ
1211 3896 1255 3950 aul
1281 3895 1484 3972 ίττρομάσχαλα.
1519 3897 1550 3952 ei.
1568 3893 1626 3950 Prol.

476 3987 515 4054 pit
532 3984 691 4038 dissimulare
704 3988 779 4053 atque
796 3985 1032 4053 exprobraturus,
1080 3999 1106 4051 p.
1119 3981 1161 4036 56.
1177 3981 1225 4037 145
1240 3998 1277 4052 sq.
1295 3977 1438 4056 διμδαρῶν,
1454 3983 1508 4040 vid.
1523 3977 1626 4038 ann'li

476 4071 544 4140 quod
572 4074 658 4124 tantae
692 4072 834 4124 severitatis
866 4071 938 4123 obliti
971 4071 1029 4122 sint.
1080 4072 1106 4121 et
1124 4069 1202 4123 sohol.
1238 4067 1308 4122 Eoel.
1326 4067 1368 4124 80.
1731 4129 1744 4146 P

477 4157 549 4210 Sarte
565 4157 690 4226 loquitur,
708 4157 768 4225 quia
785 4157 864 4210 servis
882 4155 951 4208 aliud
969 4156 1029 4224 quid
1131 4172 1155 4209 v.
1172 4153 1231 4209 445.
1266 4159 1368 4214 κυναῐςι
1385 4153 1467 4210 sohel.
1485 4161 1541 4216 ταῖς
1556 4149 1626 4210 :aad
1731 4149 1778 4222 j;-

476 4247 576 4309 praeter
592 4243 722 4312 flagellum
734 4244 868 4297 convenire
880 4256 930 4295 non
942 4245 1027 4310 putat3
1078 4259 1116 4300 αις
1125 4240 1328 4315 περικτραλαίαις
1336 4239 1400 4314 πρὸς
1409 4239 1507 4317 ὄμβρον
1517 4231 1626 4318 ἐχρῶντο
1732 4239 1747 4310 ζ,

470 4317 636 4396 ¹atquirisnm
649 4333 732 4383 movet
744 4329 937 4397 spectatoribus,
950 4342 1026 4395 qunm
1076 4343 1158 4396 comp.
1176 4327 1244 4382 Nub.
1262 4325 1321 4382 268.
1361 4383 1363 4388 ,
1732 4309 1753 4336 ⁸
