4484 5467
552 621 613 686 162
938 617 1130 673 PROLEGOM.
1165 618 1277 674 GAPVT
1295 619 1331 674 lv

548 794 584 877 (l.
600 792 620 858 l.
642 815 672 877 p.
689 793 733 875 ti),
756 812 854 875 neque
876 797 980 854 tamen
1003 791 1127 875 probcnr
1150 789 1281 854 eundem
1303 796 1335 854 ot
1349 791 1487 858 Periclis
1510 799 1543 859 et
1563 793 1699 860 Renum

549 903 669 969 tabulae
702 911 837 988 tompore
871 901 1026 966 diabolum
1059 903 1092 966 in
1129 924 1187 967 usu
1221 902 1314 966 inimo
1345 904 1599 971 contendentem
1629 905 1700 990 (ll

549 1039 579 1101 p.
598 1016 661 1099 10).
706 1014 841 1078 Maxime
864 1013 940 1077 rnilri
963 1034 1078 1076 merces
1099 1014 1262 1078 comitialis
1283 1013 1475 1081 documento
1499 1025 1557 1100 est,
1582 1015 1699 1102 quaed

550 1127 703 1192 iudicialis
725 1124 873 1189 mercedis
896 1124 1070 1209 exemplum
1093 1126 1259 1190 constitute
1280 1126 1347 1210 (olr.
1371 1125 1514 1192 Boeckh.
1537 1127 1699 1207 Staatsbl

550 1239 627 1321 247)
648 1245 753 1322 postea
774 1236 895 1300 easdem
918 1243 1010 1318 atque
1032 1235 1086 1299 ille
1108 1257 1198 1320 passa
1219 1242 1265 1301 est
1280 1238 1484 1303 mutationes.
1522 1240 1610 1317 Quae
1623 1261 1700 1326 quun

550 1351 583 1413 in
616 1348 895 1413 Ecclesiazusarum
929 1346 1033 1411 sabula
1065 1346 1110 1409 ita
1142 1356 1410 1427 commemoretur,
1446 1357 1487 1415 ut
1523 1351 1563 1415 de
1591 1351 1700 1418 triobolo

549 1459 697 1527 comitiali
719 1459 860 1524 dubitare
882 1480 944 1523 non
965 1458 1064 1535 liceat,
1089 1480 1117 1521 v.
1142 1459 1220 1523 309:
1249 1462 1313 1525 νυνὶ
1335 1461 1368 1524 δὲ
1392 1463 1570 1549 τριώβολον
1597 1467 1700 1549 ζητοῦσι

550 1577 651 1662 λαβεῖν
675 1571 744 1636 ὅταν
765 1572 919 1657 πράττωσί
939 1595 965 1633 τι
980 1569 1095 1650 καινόν;
1118 1575 1161 1650 (v.
1176 1578 1331 1655 praeterea
1345 1570 1427 1636 Eccl.
1444 1573 1524 1638 188.
1547 1575 1622 1640 293.
1641 1575 1701 1656 380)

549 1686 684 1769 itemque
706 1684 740 1747 in
761 1683 845 1748 Pluti
868 1681 971 1747 sabula
994 1684 1072 1748 329:

820 1796 913 1859 δεινὸν
935 1797 1002 1879 γάρ,
1025 1796 1051 1858 εἰ
1071 1794 1241 1882 τριωβόλου
1266 1797 1319 1880 μὲν
1340 1794 1439 1860 εἵνεκα

821 1905 1023 1992 ὠστιζόμεσθ’
1049 1906 1185 1972 ἑκάστοτ’
1212 1908 1243 1972 ἐν
1264 1909 1444 1993 τήκκλησίᾳ,

548 2028 684 2105 tempore
707 2018 826 2082 fabulae
849 2017 934 2081 illius
956 2016 1050 2080 etiam
1078 2016 1256 2083 iudicialem
1282 2016 1409 2082 triobolo
1438 2021 1622 2087 constitisse
1642 2041 1699 2086 cou-

548 2139 730 2199 sentaneum
757 2136 812 2193 est.
855 2127 984 2193 Eosdem
1012 2128 1097 2192 enim
1126 2128 1207 2193 cives
1235 2134 1266 2192 et
1295 2129 1412 2193 iudices
1439 2136 1473 2194 et
1497 2133 1700 2198 concionante

548 2245 642 2309 fiiis-re
664 2243 786 2328 saepius
808 2241 924 2306 monui.
968 2240 1105 2304 Eandem
1127 2240 1222 2324 igitur
1245 2241 1404 2326 utriusque
1428 2243 1528 2309 officii
1544 2245 1700 2311 meroeden

549 2356 726 2421 brevissimo
756 2354 901 2439 temporis
929 2352 1027 2438 spatio
1055 2352 1215 2418 interiecto
1249 2353 1449 2419 constitutam
1480 2376 1567 2435 esse,
1602 2378 1654 2443 per
1676 2376 1700 2420 oe
1733 2343 1737 2354 ’

548 2474 688 2551 apparet;
715 2466 791 2529 item
818 2464 988 2531 mercedem
1010 2463 1188 2528 iudicialem
1211 2485 1282 2529 cum
1304 2464 1453 2529 comitiali
1475 2469 1607 2554 saepius
1628 2488 1700 2555 praa·

547 2578 655 2643 sertim
677 2599 696 2641 a
718 2575 874 2640 Graeculis
897 2575 1042 2639 confundi
1064 2582 1303 2641 consentaneum
1319 2583 1378 2656 est3
1400 2575 1439 2640 de
1454 2599 1520 2662 quo
1537 2601 1566 2644 v.
1582 2579 1699 2644 Boeclb

548 2687 682 2753 Staatsh.
705 2688 729 2769 1,
752 2689 816 2752 250
831 2694 862 2751 et
876 2686 1124 2752 Schoemannum
1146 2686 1184 2751 de
1206 2688 1308 2753 comit.
1323 2709 1353 2773 p.
1367 2689 1417 2752 69.
1452 2689 1547 2754 Vnde
1564 2691 1699 2776 sequitur,

528 2806 584 2864 ·ut
605 2821 660 2885 per
680 2805 777 2865 totam
799 2799 915 2864 Comici
937 2804 1068 2863 aetatem
1091 2819 1110 2861 a
1124 2797 1245 2864 Cleonis
1260 2798 1449 2884 temporibus
1462 2800 1618 2867 triobolus
1631 2803 1700 2867 iusb

547 2933 662 2977 merces
696 2912 833 2977 iudicum
867 2912 974 2992 fuerit3
1013 2914 1117 2998 itaque
1151 2911 1399 2976 Acharncnsium
1432 2930 1558 2997 quoque
1592 2913 1701 2981 fabulae

547 3032 682 3110 tompore
703 3026 806 3104 fucrit,
829 3047 926 3111 quum
949 3027 977 3089 οἱ
1001 3027 1105 3111 μισθοὶ
1127 3024 1204 3089 Aah.
1227 3024 1289 3087 657
1312 3021 1395 3085 idem
1421 3022 1552 3089 valeant
1573 3024 1701 3110 quodid

547 3141 696 3226 τριώβολα
724 3139 782 3202 Av.
807 3139 899 3202 1541.
928 3174 968 3183 —
996 3137 1160 3222 Vtcunque
1187 3156 1219 3199 se
1246 3133 1355 3198 habuit
1375 3154 1439 3212 res,
1468 3141 1553 3200 certe
1576 3138 1616 3201 ab
1641 3135 1701 3202 An·-

546 3250 694 3335 stophanc
723 3250 849 3334 eiusque
877 3250 1096 3335 interpretibus
1123 3270 1186 3314 non
1208 3247 1343 3312 multum
1364 3245 1572 3331 adiuvantur,
1602 3248 1701 3334 quiin

546 3362 676 3426 alteram
698 3369 817 3446 partem
840 3362 1027 3448 disputaturi
1049 3367 1132 3426 sunt.
1176 3360 1221 3423 De
1242 3359 1342 3423 initiis
1364 3364 1470 3423 autern
1483 3361 1613 3426 trioboli
1634 3359 1701 3446 (vid

546 3476 672 3540 Aristot.
699 3475 764 3541 Pol.
793 3476 830 3553 ll,
858 3477 887 3554 4,
920 3480 969 3540 11.
1003 3476 1041 3554 Π,
1072 3477 1100 3553 9,
1130 3477 1165 3559 3)
1198 3472 1247 3539 val
1280 3473 1382 3558 potius
1409 3471 1490 3536 oboli
1514 3494 1615 3557 quum
1637 3472 1701 3538 satie

548 3587 664 3650 dietum
693 3588 735 3651 sit
763 3587 970 3668 aBoeokhio‚
994 3589 1029 3651 G.
1052 3589 1232 3652 Hermanno
1255 3591 1286 3649 et
1307 3583 1474 3648 Fritzsohio
1495 3583 1534 3667 (l.
1557 3584 1605 3669 l),
1628 3605 1701 3649 nunc

545 3697 581 3760 de
611 3697 825 3763 distributione
854 3698 1002 3762 mercedis
1031 3717 1130 3782 pauca
1158 3696 1280 3761 addam.
1329 3695 1397 3759 Non
1425 3694 1510 3759 enim
1541 3695 1702 3761 Fritzschio

544 3811 693 3875 assentior
715 3811 829 3875 dicenti
851 3810 886 3896 (l.
905 3811 926 3875 l.
949 3832 979 3895 p.
996 3811 1045 3893 6):
1083 3810 1183 3890 „Nam
1205 3808 1321 3872 iudices
1343 3806 1439 3872 Attici
1461 3806 1564 3874 finitis
1586 3806 1702 3873 iudiciis

544 3922 663 4007 vesperi
685 3922 723 3986 ad
745 3923 819 4005 Lyci
841 3922 978 3986 tribunal
1001 3943 1072 3986 suos
1095 3921 1226 4005 quisque
1249 3918 1350 3985 obolos
1379 3917 1603 4003 accipiebant“
1650 3920 1702 3985 Fac

544 4035 671 4117 cogitoS,
706 4034 809 4097 decem
842 4035 1009 4097 constituta
1039 4053 1104 4097 esso
1133 4030 1309 4113 crassaris,
1341 4028 1437 4094 unius
1464 4029 1619 4117 cuiusque
1647 4032 1702 4095 lere

543 4150 712 4234 quingenos
735 4147 829 4211 fuisse
851 4146 978 4228 iudices,
1002 4146 1152 4230 quomodo
1174 4166 1285 4230 quaeso
1309 4143 1376 4207 lieri
1390 4142 1535 4228 potuerit,
1559 4149 1598 4207 ut
1611 4163 1702 4208 unus-

542 4261 672 4345 quisque
700 4259 819 4344 vesperi
846 4278 917 4322 suos
946 4257 1047 4322 obolos
1077 4278 1178 4321 coram
1205 4255 1355 4340 acciperet
1382 4254 1421 4317 ad
1443 4253 1520 4337 Lyci
1548 4249 1702 4319 tribunali

541 4374 576 4457 (i.
592 4395 618 4437 e.
635 4373 669 4436 ni
684 4371 773 4437 fallor
787 4371 925 4447 heroum,
949 4370 1011 4434 vid.
1035 4391 1137 4454 supra,
1160 4369 1214 4434 ubi
1238 4368 1275 4432 de
1298 4365 1503 4431 tribunalium
1525 4366 1701 4431 nominibus

541 4484 790 4570 disputavimus).
836 4482 922 4559 Quod
952 4501 1048 4565 quum
1077 4501 1132 4565 per
1153 4502 1186 4544 se
1208 4480 1249 4544 sit
1272 4480 1408 4544 immane
1430 4483 1523 4562 atque
1546 4479 1631 4543 ultra
1651 4478 1700 4542 ho-

541 4596 662 4660 minum
685 4598 781 4676 vires,
810 4615 931 4659 necesse
955 4599 1015 4675 est,
1038 4599 1074 4657 ut
1095 4597 1246 4677 repetam,
1269 4591 1350 4674 quod
1372 4609 1466 4675 supra
1487 4591 1643 4674 proposui,
1664 4587 1698 4653 ed
