4484 5467
667 654 712 707 nu
730 641 961 707 raasonnnv'n
975 648 1241 707 onrnmmrcun
1259 647 1295 703 ru
1314 648 1432 707 vasus
1452 604 1562 704 larsa
1653 650 1695 714 49

535 821 619 908 rent,
640 830 718 907 tres,
736 821 924 909 quipueros·
944 812 947 819 ¹
967 824 1048 890 Fieri
1067 824 1123 889 hoc
1145 823 1252 909 opinor
1265 820 1374 907 potuit,
1397 820 1479 905 quod
1499 820 1598 885 maior
1612 822 1696 886 chori

537 937 648 1006 comici
670 924 1014 1002 numerus—divisionem
1028 933 1124 1001 talem
1144 934 1211 999 fieri
1224 933 1398 1020 patiebatur
1417 932 1466 998 vel
1489 939 1607 1018 poterat
1621 934 1695 1020 pati.

538 1049 625 1127 Quin
646 1041 742 1119 etiam
762 1055 875 1114 natura
896 1049 980 1116 chori
1002 1049 1111 1114 cornici
1134 1050 1226 1112 ferret
1246 1064 1412 1111 nnmerum
1433 1067 1494 1111 non
1511 1053 1639 1131 certum,
1660 1052 1698 1112 ut

536 1162 642 1227 minor
668 1173 893 1247 nonnunquam
920 1167 1000 1226 esset
1027 1161 1165 1244 legitimo
1193 1161 1252 1225 isto
1279 1159 1457 1224 vicenorum
1478 1165 1697 1242 quaternorum

536 1275 766 1369 choreuta'rum,
787 1295 856 1339 raro
878 1275 987 1360 opinor
1006 1275 1113 1339 maior.
1156 1275 1377 1338 Verumtamen
1399 1292 1496 1356 quum
1516 1271 1571 1336 alii
1592 1279 1697 1358 poetae

537 1388 640 1453 alium
654 1397 821 1455 numerum
834 1387 1048 1452 charantanum
1070 1407 1089 1451 a
1104 1386 1242 1470 choragia
1256 1386 1364 1451 datum
1378 1405 1453 1466 esse,
1474 1387 1613 1449 veterum
1634 1390 1697 1450 tra-

536 1500 594 1564 dat
615 1474 729 1579 nullus,
749 1505 871 1582 'contra'
889 1506 926 1564 nt
946 1519 1040 1586 supra
1061 1499 1137 1582 dixi,
1159 1504 1463 1563 certumnumernm
1485 1519 1520 1561 ac
1535 1496 1697 1562 definitum

530 1634 577 1676 ex
598 1632 660 1677 usu
680 1612 791 1693 finisse,
813 1632 861 1676 res
882 1611 950 1696 ipsa
971 1611 1093 1694 doceat,
1123 1612 1210 1698 pueri
1232 1611 1285 1676 isti
1306 1611 1593 1697 'parachoregemata
1613 1617 1697 1692 sunt,

536 1726 559 1788 i.
576 1746 603 1788 e.
627 1724 745 1788 iustum
766 1724 850 1789 chori
872 1726 1037 1789 numeium
1059 1724 1220 1789 excedunt.
1247 1724 1324 1799 oui
1346 1745 1443 1807 quum
1465 1745 1484 1787 a
1505 1724 1595 1787 choro
1610 1723 1697 1788 Cleo-

538 1858 612 1902 nem
634 1837 815 1902 arcessitum
836 1836 924 1901 missi
946 1837 1024 1919 sint,
1053 1838 1110 1901 sub
1132 1838 1226 1900 finem
1248 1835 1384 1918 fabulae,
1412 1842 1449 1900 ut
1470 1842 1550 1901 recte
1577 1836 1699 1901 monuit

537 1949 684 2032 Beerius,
712 1949 786 2014 God.
809 1949 989 2013 Hermanno
1008 1950 1170 2034 probatus,
1201 1948 1332 2012 redeunt
1353 1948 1523 2013 Carcinites
1545 1948 1697 2013 saltaturi.

538 2062 647 2145 Itaque
676 2061 725 2126 his
753 2082 873 2146 quoque
895 2082 1059 2146 puerorum
1087 2059 1381 2146 parachoregematis
1404 2061 1450 2125 bis
1479 2062 1578 2126 utitur
1598 2067 1697 2145 poeta,

542 2173 797 2258 quemadmodum
833 2174 937 2239 Sosiae
970 2173 1249 2258 parachoregemati
1282 2172 1476 2237 Accusatoris
1517 2174 1698 2237 tribuuntur

539 2292 651 2371 partes.
692 2273 778 2350 'Hinc
799 2285 970 2369 intelligas,
999 2306 1093 2371 quam
1114 2307 1225 2370 parurn
1246 2291 1316 2370 apte
1338 2284 1543 2370 praecipiant,
1566 2285 1620 2370 qui
1642 2308 1697 2370 pa·
1827 2287 1831 2292 ’

537 2398 794 2481 rachoregematis
814 2420 908 2463 usum
929 2405 993 2463 tarn
1014 2398 1106 2463 arctis
1130 2398 1376 2462 circumscribere
1403 2397 1555 2463 limitibus
1578 2404 1697 2462 nostra-

537 2517 585 2574 tes
607 2508 725 2575 iubent}
769 2510 924 2593 Choragus
946 2511 1041 2594 igitur
1063 2509 1103 2574 ad
1124 2506 1370 2575 commissionem
1390 2509 1511 2575 fabulae
1526 2510 1698 2595 Vesperum

539 2628 661 2708 praeter
688 2629 750 2688 tres
777 2624 930 2707 legitimos
959 2625 1008 2690 vel
1036 2624 1191 2710 principes
1218 2630 1332 2689 actores
1365 2630 1544 2709 praeterque
1572 2624 1698 2697 choreu-

541 2743 590 2800 tas
614 2756 685 2800 cum
706 2736 850 2820 chorago,
879 2737 943 2801 suis
973 2738 1126 2803 sumtibus
1153 2737 1438 2823 parochoregemata
1466 2741 1611 2820 quattuor
1633 2743 1716 2839 autu

541 2848 569 2912 si
592 2847 808 2913 Hermannum
830 2869 1005 2933 sequamur,
1028 2850 1165 2934 quinque
1186 2848 1370 2931 vestiendos
1399 2847 1590 2930 erudiendae,
1613 2849 1697 2912 alen-

541 2960 597 3024 dos
619 2961 748 3025 curavit
785 2960 902 3037 Quibus
924 2962 998 3027 satis
1020 2982 1151 3045 magnus
1166 2981 1313 3025 numerus
1327 2981 1526 3046 personarum
1540 2940 1698 3025 mutarum

542 3071 675 3151 accedit,
697 3078 734 3137 ut
755 3073 835 3138 servi
856 3073 919 3153 illi,
949 3096 1024 3160 quos
1051 3080 1157 3139 evocat
1178 3073 1352 3156 Bdelycleo,
1383 3078 1505 3137 caterva
1525 3056 1596 3151 illa,
1619 3094 1697 3158 quae

542 3183 707 3249 calumniis
729 3184 952 3251 Philocleonem
980 3188 1057 3252 bene
1084 3191 1193 3272 potum
1214 3184 1424 3270 prosequitur3
1452 3186 1576 3250 fortasse
1604 3185 1698 3249 etiam
1725 3190 1728 3194 ’

541 3319 615 3363 cnm
637 3298 799 3363 Cercinitis
822 3298 968 3364 Carcinus
989 3306 1076 3385 pater
1105 3304 1139 3363 et
1162 3297 1217 3362 alii
1239 3297 1375 3361 eiusdem
1404 3298 1523 3380 generis
1544 3296 1697 3383 pusiones,

540 3411 597 3495 qui
625 3431 696 3476 cum
723 3411 786 3475 illis
813 3410 962 3477 saltarent
986 3412 1113 3500 ipsaque
1141 3411 1341 3477 multitudine
1370 3431 1405 3475 eo
1432 3411 1579 3476 maiorem
1600 3409 1698 3475 risum

540 3528 709 3589 moverent
1439 3544 1441 3548 ’

627 3635 681 3699 ΧΙ.
725 3635 783 3700 His
812 3636 858 3699 ita
885 3637 1030 3723 expositis
1058 3637 1305 3703 distributionem
1332 3656 1546 3724 personarum,
1575 3637 1698 3721 qualem

540 3748 636 3812 luisse
656 3747 795 3830 arbitror,
818 3747 938 3813 addam.
975 3750 1012 3813 ln
1033 3750 1090 3815 hac
1111 3770 1183 3815 vero
1205 3750 1310 3815 sabula
1324 3748 1464 3813 dubitare
1481 3749 1578 3835 possis
1592 3753 1698 3814 utrum

540 3859 737 3943 Bdelyeleoni
760 3860 875 3946 primas
897 3861 1015 3926 tribuas
1038 3882 1078 3926 an
1093 3862 1290 3926 Philocleoni.
1333 3861 1500 3946 Vtriusque
1521 3862 1606 3928 enim
1627 3884 1698 3948 par-

539 3978 587 4036 tes
610 3971 747 4036 eiusdem
769 3972 844 4037 artis
866 3992 901 4037 ac
922 3972 1072 4039 sollertiae
1099 3981 1231 4040 actorem
1253 3974 1409 4058 studiique
1437 3974 1575 4040 eiusdem
1596 3975 1698 4058 requi-

539 4088 624 4162 runt,
647 4084 809 4170 utriusque
830 4106 884 4171 per
905 4089 1000 4150 totam
1017 4087 1085 4157 ,fere
1114 4087 1251 4152 fabulam
1273 4087 1306 4150 in
1329 4108 1420 4151 scena
1440 4091 1611 4152 versantur.
1655 4087 1699 4149 nt

539 4195 574 4260 in
598 4196 752 4261 comoedia
773 4217 845 4262 eum
866 4196 980 4283 primas
1002 4219 1090 4281 agere
1105 4199 1222 4279 debere,
1245 4200 1279 4264 in
1301 4219 1361 4284 quc
1383 4205 1481 4285 poeta,
1503 4199 1579 4283 quid
1593 4192 1698 4263 volue-

496 4354 498 4357 -
539 4308 596 4388 rit,
618 4309 817 4374 manifestum
839 4309 986 4394 reddidit,
1017 4312 1070 4395 qui
1093 4313 1176 4399 apud
1197 4317 1346 4377 nostrates
1375 4311 1477 4376 audit:
1508 4310 1561 4374 der
1583 4310 1699 4393 Triger

539 4419 753 4501 des-Sticlres,
775 4443 883 4508 perse
905 4430 1144 4490 consentaneum
1165 4431 1220 4490 est.
1263 4424 1370 4508 Neque
1393 4423 1522 4489 dubium
1544 4427 1599 4502 est,
1621 4423 1698 4507 quin

538 4533 585 4598 ita
607 4532 748 4599 Comicus
770 4536 874 4618 egerit,
901 4536 978 4622 quin
999 4536 1194 4625 Dicaeopclin
1216 4537 1251 4601 in
1265 4535 1524 4613 Acharnensibns
1547 4534 1581 4599 in
1602 4534 1698 4620 liqui-

538 4646 623 4711 tibus
645 4646 833 4729 lsiciarium,
860 4650 894 4713 in
923 4650 1004 4715 Pace
1022 4645 1209 4736 Trygaeum,
1238 4651 1272 4714 in
1304 4650 1423 4715 Avibus
1445 4647 1697 4730 Peisthetaerum‚

1527 4754 1544 4805 4
