4484 5467
549 613 590 679 80
928 609 1117 670 rnonnsou.
1153 608 1266 668 earvr
1282 612 1319 669 m
1369 652 1371 655 .

547 805 578 869 p.
602 786 679 865 547,
708 786 760 871 qui
787 805 934 871 paeonem
961 786 1026 851 sive
1054 788 1201 852 creticum
1227 787 1400 853 ditrochaeo
1423 789 1566 876 ουνοέτῳ
1587 809 1697 876 respon-

547 898 618 961 dere
641 896 722 983 apud
743 897 982 983 Aristophanem
1004 899 1098 965 decet
1142 900 1226 963 Idem
1241 921 1292 964 vv.
1306 900 1480 964 410-412
1496 902 1698 968 ocrea—470

547 1009 608 1073 sibi
629 1010 810 1095 respondere
832 1010 885 1074 ait.
929 1010 1043 1075 Verum
1065 1016 1232 1096 supersunt
1252 1032 1303 1075 vv.
1324 1012 1397 1075 413.
1420 1013 1497 1091 414,
1520 1014 1636 1098 quibus
1656 1017 1699 1099 qui

547 1121 751 1207 respondeant
777 1141 899 1200 versus,
927 1122 993 1207 ipse
1021 1143 1078 1186 nec
1108 1122 1184 1187 dicit
1206 1143 1264 1186 nec
1289 1123 1390 1187 habet.
1440 1123 1642 1209 Hirsohigius
1669 1127 1699 1191 ad

546 1256 575 1299 v.
597 1235 662 1298 410
683 1232 902 1318 antistrophica
923 1253 988 1296 esse
1010 1239 1116 1315 negat3
1146 1254 1244 1317 neque
1269 1233 1446 1298 Dindorfius
1470 1236 1564 1301 Matr.
1591 1259 1623 1323 p.
1649 1240 1717 1304 3431

545 1347 682 1412 medelae
703 1346 871 1430 quidquam
893 1345 1012 1426 attulit;
1040 1348 1164 1432 stropha
1190 1348 1272 1412 enim
1300 1348 1533 1434 praetermissa,
1563 1349 1699 1416 antistre

545 1461 652 1545 pham,
679 1478 758 1542 quae
784 1458 972 1523 emendatior
999 1479 1072 1522 sane
1093 1464 1148 1537 est,
1170 1460 1320 1544 apposuit.
1364 1460 1424 1537 Qui
1451 1482 1526 1526 cum
1548 1464 1698 1549 stropham

546 1594 564 1637 0
585 1571 693 1656 primis
715 1570 798 1634 cheri
819 1570 1006 1635 tetrametris
1021 1591 1050 1634 v.
1066 1569 1129 1633 403
1143 1570 1277 1655 incipere
1292 1572 1463 1652 contendat,
1479 1573 1700 1660 antistropham

544 1705 563 1747 e
583 1682 702 1747 duobus
724 1683 878 1747 Xanthiae
899 1683 954 1768 (al.
977 1681 1202 1767 Bdelycleonis)
1222 1685 1371 1767 uersibus,
1394 1687 1455 1750 461
1480 1707 1546 1771 sq.‚
1571 1694 1606 1753 et
1626 1688 1722 1754 cheri.

545 1796 665 1860 cantico
692 1796 902 1878 conglutinare
930 1802 1051 1861 coactus
1073 1802 1128 1859 est.
1173 1796 1259 1873 Quod
1286 1797 1428 1881 equidem
1456 1806 1616 1884 quantum
1642 1802 1699 1865 fleri

545 1913 659 1994 potest,
687 1928 870 1992 magnopere
899 1907 1060 1972 vitandum
1086 1926 1152 1970 esse
1181 1927 1296 1972 censeo.
1344 1909 1581 1995 Antistrephica
1613 1914 1700 1996 igitur

544 2026 667 2084 tantum
688 2040 726 2083 ex
747 2025 832 2105 parte
854 2020 1012 2084 restituere
1033 2017 1113 2081 lieet.
1158 2018 1275 2083 Chorus
1297 2040 1419 2084 summa
1447 2023 1494 2085 ira
1522 2029 1620 2107 atque
1641 2032 1698 2090 stu·

545 2132 595 2197 dio
616 2138 782 2218 permotus,
803 2132 921 2218 placide
942 2152 1013 2196 cum
1034 2130 1217 2195 adversariis
1232 2129 1362 2215 colloqui
1383 2153 1445 2197 non
1459 2140 1572 2219 potest.
1607 2137 1698 2214 Quare

544 2253 616 2310 eum
642 2246 663 2308 i.
690 2267 716 2308 0.
744 2244 907 2327 choragum
934 2244 1048 2329 primos
1074 2263 1181 2307 versus
1207 2243 1344 2308 loentum
1372 2265 1438 2308 esse
1458 2245 1611 2331 dixerim,
1633 2251 1698 2315 403.

544 2360 617 2436 404,
639 2356 692 2421 sed
714 2357 853 2442 protinus
875 2356 975 2421 studio
997 2355 1138 2419 exultans
1168 2375 1275 2419 canere
1303 2357 1401 2441 coepit
1427 2358 1600 2425 versiculos
1623 2364 1698 2429 eiua·

544 2470 615 2534 dem
642 2470 747 2548 metri,
775 2470 856 2554 qued
885 2468 973 2552 quasi
999 2473 1104 2553 πνῖγος
1132 2467 1284 2550 quoddam
1318 2489 1494 2553 nuncupare
1528 2492 1698 2556 possumus,

544 2583 724 2660 405-407,
747 2584 799 2646 cir.
822 2580 926 2644 Rossb.
955 2602 986 2665 p.
1008 2578 1080 2643 458.
1125 2575 1241 2647 Deinde
1268 2600 1373 2644 omnes
1400 2582 1564 2646 chereutae
1593 2608 1698 2671 pueros

545 2692 688 2773 clamant,
709 2701 745 2758 ut
760 2692 903 2756 Cleonem
924 2698 1087 2769 arcessant,
1109 2692 1274 2776 puerisque
1294 2693 1358 2755 iarn
1372 2696 1628 2777 procurrentibus
1641 2687 1697 2765 nen

542 2806 689 2871 desinunt
717 2804 862 2869 mandare
890 2808 921 2867 et
942 2803 1088 2881 clamare,
1115 2825 1145 2868 v.
1174 2805 1354 2868 410-414.
1396 2807 1551 2892 Apertum
1572 2817 1632 2894 est,
1646 2813 1697 2877 his

543 2920 681 2983 versibus
703 2918 897 3003 responsione
919 2938 981 2982 non
1003 2938 1079 3001 epus
1094 2937 1172 2980 esse:
1195 2936 1294 3001 neque
1309 2918 1434 2982 omnino
1449 2919 1487 2983 de
1501 2925 1696 3009 responsione

543 3052 688 3096 versuum
697 3031 742 3095 ita
753 3030 884 3112 cogitare
900 3034 1019 3115 poterat
1030 3028 1180 3107 comicus,
1198 3036 1234 3092 ut
1244 3030 1366 3093 metrici
1382 3031 1509 3114 quidam
1526 3056 1601 3100 eum
1621 3038 1696 3119 cogi·

541 3151 621 3209 tasse
633 3144 748 3208 iubent.
781 3143 818 3206 In
829 3143 938 3208 iisdem
954 3142 1051 3206 animi
1069 3142 1226 3206 affectibus
1240 3142 1440 3228 depingendis
1456 3145 1570 3211 iisdem
1587 3149 1640 3214 vel
1661 3149 1695 3213 si·

541 3256 681 3320 millimis
692 3255 790 3320 utitur
801 3254 923 3318 metris:
939 3254 1021 3318 unde
1031 3272 1249 3340 saepenumero
1266 3256 1446 3340 respondere
1463 3257 1523 3321 sibi
1541 3260 1694 3339 videntur,

541 3389 619 3452 quae
630 3373 839 3452 certeapoeta
849 3367 1053 3451 responsionis
1064 3366 1130 3450 lege
1142 3367 1223 3431 dieta
1235 3387 1297 3442 non
1308 3374 1390 3432 sunt.
1424 3368 1492 3433 Hac
1511 3392 1569 3454 ego
1580 3374 1695 3438 ratione

541 3479 578 3542 de
588 3486 651 3543 toto
662 3480 896 3565 hocVesparum
906 3479 970 3544 leco
982 3462 1166 3545 sententiam
1177 3483 1253 3544 ferre
1264 3502 1326 3546 non
1338 3482 1555 3546 dubitaverim.
1580 3484 1694 3550 Chorus

540 3592 654 3676 partim
665 3591 779 3672 eodem,
792 3614 852 3677 que
863 3592 1030 3658 adversarii
1041 3594 1117 3675 eius,
1128 3594 1241 3679 partim
1253 3594 1424 3658 incitatiere
1435 3599 1534 3658 metro
1545 3594 1693 3682 loquitur:

539 3718 572 3767 ac
584 3709 774 3769 tetrametros
789 3704 913 3790 quidem
923 3706 1089 3770 trochaicos
1100 3706 1246 3788 cheragus
1258 3706 1374 3784 recitat,
1394 3706 1540 3771 dimetros
1559 3710 1689 3774 trochai-

539 3837 588 3880 000
599 3822 629 3879 et
642 3816 766 3880 creticos
778 3817 886 3882 chorus
897 3818 989 3883 canit.
1012 3817 1103 3881 Canit
1113 3817 1208 3900 igitur
1218 3839 1247 3881 v.
1259 3819 1427 3883 405-407
1441 3818 1585 3903 (fortasse
1596 3823 1687 3887 etiam

539 3950 569 3993 v.
580 3929 653 3993 408.
670 3928 757 4012 409),
769 3930 946 3993 410-414.
959 3928 1138 3993 417-418,
1151 3929 1330 3994 eat-429.
1346 3931 1525 3996 463-470.
1536 3934 1612 3996 475.
1624 3934 1691 3997 476.

540 4043 611 4106 486.
646 4042 717 4104 487.
768 4041 882 4104 Versus
909 4040 1004 4123 igitur
1031 4060 1125 4125 quam
1153 4039 1342 4123 integerrimi
1379 4042 1574 4126 relinquendi
1608 4049 1690 4123 sunt3

539 4174 638 4238 neque
660 4153 742 4216 enim
764 4172 794 4215 v.
816 4152 878 4215 407
901 4152 1003 4216 versui
1032 4152 1094 4216 465
1117 4156 1153 4214 ut
1174 4153 1364 4237 respondeat,
1388 4175 1487 4237 neque
1502 4176 1531 4220 v.
1547 4158 1612 4221 414
1628 4176 1690 4223 ver·

538 4268 587 4332 sui
614 4267 687 4347 470,
710 4270 774 4328 arte
796 4263 979 4328 emendandi
1000 4263 1265 4350 000001001110000.
1309 4266 1427 4331 Tamen
1449 4279 1539 4332 versu
1563 4270 1627 4333 412
1641 4289 1691 4355 pre

539 4379 582 4444 du
605 4377 776 4464 scripserim
801 4376 843 4454 ὅς,
866 4381 901 4440 ut
921 4396 1018 4461 paeon
1040 4378 1108 4456 tiat3
1131 4383 1198 4442 turn
1222 4382 1263 4449 ὡς
1284 4382 1362 4465 χρή,
1384 4401 1403 4444 0
1424 4379 1582 4446 Dindoriio
1610 4383 1690 4447 aliis·

538 4510 597 4573 que
619 4491 765 4555 reiectum
788 4488 994 4575 responsionis
1016 4511 1123 4571 causa,
1152 4512 1170 4553 a
1198 4491 1285 4554 libris
1312 4493 1491 4556 Rauennate
1519 4498 1552 4557 et
1577 4496 1719 4558 Veneto.

538 4603 612 4666 satis
641 4604 827 4683 defenditur,
858 4610 1044 4690 apparetque
1072 4603 1243 4690 spondeum
1263 4610 1461 4689 pentasemen
1483 4628 1564 4688 esse,
1593 4607 1691 4672 locum
1724 4692 1726 4696 .
