4484 5467
933 642 978 696 nn
996 640 1108 696 cnoro
1127 640 1312 696 vnsrmvu
1659 645 1698 709 75

540 813 642 888 Quem
663 812 690 876 si
712 812 753 876 in*
766 812 951 895 quibusdam
972 814 1146 895 tragoediae
1166 814 1364 895 carminibus,
1385 820 1450 885 τοῖς
1472 822 1614 902 κομμοῖς,
1636 824 1700 889 τοῖς

487 954 491 971 .
541 927 605 989 ἀπὸ
630 930 753 1010 σκηνῆς,
776 925 870 989 totius
892 924 974 989 chori
997 933 1099 1009 partes
1120 925 1155 988 in
1177 947 1209 989 se
1230 926 1399 1010 suscepisse
1421 927 1624 1006 concedimus,
1652 950 1699 992 re·

540 1037 644 1120 liquos
664 1041 769 1099 tamen
791 1036 950 1101 choreutae
970 1038 1123 1122 suscipere
1145 1038 1280 1122 potuisse
1301 1057 1424 1123 prorsus
1446 1039 1621 1121 negandum
1643 1047 1699 1105 est.

540 1150 589 1214 Ae
610 1149 638 1213 si
658 1148 824 1235 potuerint,
846 1170 924 1212 num
944 1154 1127 1233 spectatores
1149 1149 1206 1215 tali
1227 1150 1419 1237 singulorum
1435 1156 1528 1215 cantu
1543 1158 1700 1218 contentos

539 1261 637 1325 fuisse
658 1258 821 1325 credibile?
853 1261 905 1339 At,
928 1260 1047 1324 dixerit
1060 1261 1225 1346 quispiam,
1248 1283 1309 1327 non
1325 1262 1502 1329 cecinemnt
1515 1264 1569 1328 sed
1590 1265 1699 1329 recita·

539 1379 625 1455 runt,
648 1372 704 1437 ubi
724 1371 840 1454 singuli
861 1393 932 1437 cum
954 1373 1105 1438 actoribus
1128 1373 1269 1438 collocuti
1290 1381 1372 1440 sunt.
1415 1376 1452 1440 ln
1474 1375 1618 1461 opisodiis
1639 1378 1700 1441 for·

539 1493 638 1564 tasse,
666 1505 766 1569 neque
787 1489 892 1549 tamen
913 1486 947 1549 in
969 1484 1166 1550 carminibus.
1209 1485 1325 1551 Vemm
1347 1487 1442 1552 nain
1464 1487 1608 1574 episodiis
1631 1488 1700 1573 qni-

540 1598 612 1663 dem
645 1597 805 1662 choreutas
834 1596 969 1680 singulos
1002 1603 1121 1682 praeter
1149 1595 1314 1679 choragum
1345 1599 1462 1665 locutos
1495 1621 1576 1682 esse,
1610 1599 1700 1665 certis

541 1709 729 1774 testimoniis
759 1710 947 1795 comprobari
974 1714 1082 1794 potest.
1133 1709 1170 1773 ln
1198 1710 1353 1792 tragoedia
1379 1712 1559 1797 praesertim
1590 1693 1701 1797 parum

542 1822 720 1887 conveniret
746 1820 907 1903 cothurno,
936 1821 964 1886 si
985 1801 1065 1886 alius
1086 1821 1230 1887 choreuta
1251 1820 1355 1902 acuta,
1384 1824 1463 1888 alius
1486 1824 1574 1907 gravi
1594 1824 1700 1909 loque-

528 1924 628 1998 retur
641 1954 724 2012 voce,
747 1934 828 2017 quod
849 1933 973 2018 quidem
995 1935 1056 1998 ista
1076 1933 1203 2012 ratione,
1225 1956 1287 2018 qua
1307 1955 1412 2001 omnes
1433 1935 1576 2021 deinceps
1596 1935 1701 2020 loque·

541 2051 658 2122 rentur,
686 2045 779 2109 vitari
801 2067 863 2111 non
884 2052 994 2132 posset.
1036 2046 1144 2129 Itaque
1170 2066 1266 2129 quum
1288 2048 1414 2112 chorum
1435 2053 1584 2132 tanquam
1605 2069 1701 2112 unam

542 2177 705 2242 personam
725 2157 821 2223 fixisse
843 2157 987 2237 dicimus,
1016 2180 1094 2243 quae
1121 2181 1184 2224 uno
1211 2180 1262 2223 ore
1283 2158 1405 2241 choragi
1425 2158 1616 2243 loqueretm,
1638 2180 1702 2226 una

542 2290 617 2334 voce
638 2274 761 2335 caneret
781 2270 921 2335 omnium
943 2270 1172 2354 choreutarum,
1201 2271 1301 2336 multa·
1327 2276 1407 2335 certe
1435 2275 1490 2334 ant
1511 2270 1626 2335 evitare
1648 2275 1703 2333 aut

543 2403 725 2475 componere
752 2383 909 2464 videmur,
939 2403 1017 2467 quae
1044 2384 1155 2449 divisio
1184 2384 1245 2448 ista
1266 2382 1429 2467 multiplex
1449 2382 1485 2445 in
1506 2381 1627 2446 fabulas
1649 2402 1702 2446 su·

541 2494 688 2580 perstites
713 2494 883 2564 inculcavit
909 2495 1018 2560 aliena.
1073 2497 1212 2561 Primam
1239 2495 1323 2560 enim
1350 2516 1385 2559 ae
1418 2514 1572 2559 summam
1603 2493 1702 2575 legem

540 2612 705 2692 poetarum
731 2606 961 2694 simplicitatem
990 2607 1141 2691 rhythmi,
1171 2608 1276 2686 metri,
1307 2606 1537 2692 simplicitatem
1564 2604 1598 2668 in
1626 2605 1702 2668 reci-

537 2718 636 2784 tando
656 2719 707 2783 sel
727 2718 865 2783 canendo
887 2718 981 2783 fnisse
1004 2720 1142 2784 arbitror.
1188 2721 1286 2796 Quam
1309 2725 1346 2783 ut
1367 2718 1471 2804 paullo
1493 2716 1604 2782 melius
1619 2737 1702 2780 nunc

536 2849 720 2913 cognoscere
748 2835 839 2914 atque
866 2830 1037 2913 intelligere
1071 2829 1237 2915 possimus,
1271 2831 1391 2913 egregia
1411 2830 1498 2894 ‘tacit
1524 2828 1703 2893 Rossbachii

537 2949 571 3007 et
599 2942 772 3027 Wostphali
799 2962 904 3027 opera,
934 2941 1047 3026 quiin
1076 2941 1154 3006 libro
1181 2962 1236 3006 suo
1263 2942 1300 3006 de
1327 2964 1361 3007 re
1388 2942 1516 3007 metrica
1544 2946 1703 3026 poetarum

538 3054 781 3119 dramaticorum
802 3060 832 3118 et
854 3054 1018 3137 lyricorum
1040 3054 1139 3117 multa
1160 3054 1297 3117 carmina
1320 3054 1358 3118 ad
1380 3052 1598 3137 simpliciorem
1612 3052 1704 3118 metri

536 3163 673 3231 formam
694 3167 836 3249 rhythmo
858 3165 994 3230 adhibito
1017 3165 1092 3229 duce
1113 3166 1159 3230 ita
1180 3171 1369 3243 revocarunt,
1392 3171 1428 3230 ut
1449 3164 1538 3229 aliter
1560 3164 1705 3227 constitui

538 3301 604 3345 non
632 3278 766 3363 amplius
793 3278 920 3363 possint.
969 3277 1114 3342 Poterant
1142 3278 1267 3342 fortasse
1296 3278 1390 3342 etiam
1411 3276 1515 3362 plura;
1548 3289 1636 3352 nam,
1669 3282 1705 3339 nt

537 3413 643 3457 unum
665 3392 804 3468 afferam,
834 3390 871 3453 de
894 3390 1019 3465 stasimo
1041 3390 1133 3474 Vesp.
1157 3389 1219 3453 272
1242 3411 1317 3474 sqq,
1340 3389 1414 3473 quid
1436 3392 1620 3465 statuerent,
1643 3408 1704 3451 non

537 3492 694 3568 debebant
716 3502 803 3566 dubii
824 3502 948 3565 haerere
976 3502 1076 3586 (lletr.
1099 3524 1130 3588 p.
1152 3502 1240 3586 445).
1290 3500 1379 3566 Nunc
1409 3499 1535 3585 quidem
1556 3506 1704 3584 superest,

537 3621 577 3680 ut
605 3614 789 3679 Rossbachio
824 3613 964 3697 socioque
994 3613 1122 3678 ducibus
1159 3614 1263 3678 omnia
1296 3612 1470 3678 fabularum
1503 3611 1705 3698 superstitum

538 3727 681 3793 carmina
703 3747 799 3810 quum
822 3727 965 3812 parodica
986 3732 1055 3789 tum
1078 3726 1300 3810 antistrophica
1326 3726 1360 3789 in
1387 3746 1487 3789 unum
1509 3729 1705 3809 conspectum
1760 3792 1762 3796 ,

538 3839 736 3920 redigantur,
766 3838 893 3921 integris
921 3837 1064 3902 videlicet
1091 3838 1231 3902 versibus
1260 3837 1421 3922 appositis,
1454 3837 1500 3901 ita
1532 3843 1569 3902 ut
1595 3836 1706 3901 melius

538 3950 642 4016 multo
664 3956 694 4013 et
715 3951 836 4025 facilius
857 3956 1070 4034 pernoscatur,
1100 3949 1212 4033 quibus
1242 3950 1371 4035 quisque
1398 3955 1489 4035 poeta
1510 3949 1616 4014 formis
1639 3969 1705 4012 car·

538 4064 665 4128 minum
692 4083 768 4126 usus
795 4063 836 4126 sit
858 4062 1008 4146 quibusve
1031 4061 1286 4145 frequentissime.
1331 4063 1390 4126 His
1417 4063 1464 4126 ita
1491 4061 1610 4126 collatis
1638 4081 1706 4124 ma-

538 4176 692 4242 nifestum
713 4174 781 4255 erit,
805 4195 895 4258 quem
917 4172 1315 4256 potissimumrhythmum
1338 4176 1359 4238 i.
1376 4196 1401 4238 e.
1424 4174 1515 4237 metri
1539 4193 1704 4244 numerum

538 4285 658 4369 singuli
678 4290 784 4370 poetae
799 4285 1017 4370 praetulerint,
1041 4284 1182 4368 denique,
1205 4286 1259 4369 qui
1274 4287 1422 4371 cuiusque
1444 4285 1590 4350 carminis
1612 4283 1705 4362 modi,

541 4420 617 4465 cum
639 4398 739 4483 specie
762 4398 894 4481 quadam
917 4397 982 4461 veri
1005 4396 1111 4461 licebit
1133 4398 1292 4482 suspicari.
1336 4398 1495 4463 Probabile
1524 4402 1629 4460 autem
1651 4404 1705 4476 est,

541 4510 651 4578 modos
674 4510 846 4574 carminum
867 4510 1032 4595 pulchrum
1054 4510 1217 4573 verbomm
1239 4532 1350 4575 sonum
1371 4512 1433 4575 lere
1456 4508 1648 4594 expressisse,
1670 4515 1707 4574 ut

542 4631 696 4710 tanquam
717 4622 855 4688 recitatio
881 4622 1036 4687 sollemnis
1060 4626 1091 4686 et
1112 4643 1223 4689 canora
1245 4632 1334 4705 esset,
1356 4623 1442 4689 nullo
1464 4620 1546 4687 vocis
1568 4621 1706 4701 artificio,
