4484 5467
547 604 587 668 10
936 603 1126 660 Puouuuou.
1161 599 1274 655 GAPVT
1291 599 1304 654 1

542 796 573 861 p.
596 775 668 839 349.
712 775 811 851 Quare
837 775 985 841 omissum
1014 796 1078 840 esse
1106 774 1299 839 monumenti
1327 772 1541 838 Themistoclei
1571 771 1701 836 initium

542 892 634 973 atque
655 886 690 952 iu
711 887 793 953 hunc
816 886 943 952 modum
964 886 1171 972 supplendum
1192 886 1285 951 duco:

585 1000 705 1070 Λεοντὶς
726 1002 894 1086 τραγῳδοῖς
916 1000 1008 1076 ἐνίκα,
1032 998 1240 1083 Θεμιστοκλῆς
1256 998 1424 1083 Φρεάρριος
1439 998 1593 1083 ἐχορήγει,
1620 998 1699 1083 Φρύ-

583 1134 668 1198 νιχος
688 1111 853 1189 ἐδίδασκεν,
872 1108 1068 1196 Ἀδείμαντος
1090 1108 1176 1196 ἦρχε.

541 1220 591 1287 Ad
612 1221 692 1286 hanc
712 1220 905 1285 monumenti
934 1219 1084 1302 choragici
1112 1219 1210 1302 legem
1237 1239 1275 1282 ex
1308 1218 1496 1301 argumentis
1523 1218 1701 1284 fabularum

541 1333 716 1419 exemplum
737 1352 841 1396 eruere
863 1332 976 1410 licebit,
999 1331 1085 1396 velut
1106 1352 1144 1394 ex
1167 1331 1421 1414 Agamemnonis:

583 1444 700 1515 Αἰαντὶς
720 1446 889 1530 τραγῳδοῖς
911 1444 1003 1521 ἐνίκα,
1026 1443 1180 1527 Ξενοκλῆς
1201 1441 1359 1529 Ἀφιὸνεῖνς
1373 1444 1525 1529 ἐχορήγει,
1546 1440 1702 1529 Αἰσχύλος

541 1536 688 1633 ἐδίδασκε,
712 1557 866 1639 Φιλοκλῆς
889 1554 975 1642 ῆρχε,
1020 1555 1137 1619 Licebit
1159 1555 1327 1641 speciosam
1350 1576 1469 1640 quoque
1490 1555 1641 1619 Meinelrii
1663 1556 1701 1619 H.

541 1688 582 1732 cr.
597 1689 627 1753 p.
644 1670 663 1731 6
681 1666 888 1731 coniecturam
909 1666 946 1729 de
969 1665 1116 1751 Stephan.
1139 1666 1211 1748 Byz.
1234 1688 1257 1729 s.
1278 1664 1391 1753 Ἀτήνή
1414 1667 1566 1732 afferendo
1589 1669 1701 1732 confir·

541 1800 641 1858 mare,
677 1778 783 1865 paucis
811 1778 1018 1863 transpositis:
1050 1776 1198 1864 Ἀντιοχὶς
1226 1779 1324 1856 ἐνίκα,
1355 1778 1534 1865 Πατροκλῆς
1554 1778 1706 1866 Ἀτηνεὺς

542 1892 693 1978 ἐχορήγει,
716 1890 894 1973 Παντακλῆς
917 1890 1085 1954 ἐδίδασκενε
1109 1888 1299 1953 desideratur
1320 1889 1474 1954 archontis
1496 1912 1620 1955 nomen.
1659 1892 1702 1955 At

542 2024 729 2089 quamquam
742 2000 929 2087 paucissima
943 2007 1018 2065 sunt
1037 2000 1210 2086 lapidisque
1229 2000 1289 2064 fide
1304 2008 1409 2066 carent
1423 2002 1571 2088 exempla,
1595 2008 1701 2067 tamen

509 2114 514 2120 ’
541 2115 671 2180 formam
692 2113 891 2179 eorumhauc
913 2113 1015 2192 fuisse,
1038 2134 1092 2199 per
1114 2134 1146 2177 sc
1170 2120 1296 2198 apparet
1318 2114 1482 2199 etreliqua
1498 2121 1702 2182 monumenta

541 2229 700 2313 choragica
721 2229 962 2296 luculentissime
985 2228 1102 2293 docent.
1149 2229 1187 2292 In
1207 2227 1264 2292 tali
1288 2228 1385 2313 igitur
1405 2233 1605 2293 monumento
1629 2228 1701 2293 cho-

541 2341 641 2425 ragico
663 2362 759 2424 genus
781 2341 901 2407 fabulae
923 2342 1100 2407 commissae
1124 2341 1250 2426 eiusque
1277 2348 1380 2428 poeta,
1408 2342 1507 2406 tribus
1534 2341 1649 2406 victrix
1672 2350 1703 2406 et

408 2540 411 2548 Ι
540 2472 637 2537 pagus
659 2452 790 2536 choragi,
814 2474 925 2518 nomon
941 2453 1073 2537 denique
1088 2452 1242 2518 archontis
1257 2453 1402 2539 eponymi
1422 2453 1580 2536 legrmtur:
1603 2474 1702 2538 eaque

540 2564 640 2649 primo
666 2564 730 2630 loco
757 2566 857 2651 posita
884 2571 972 2645 sunt,
1005 2587 1083 2651 quae
1110 2566 1275 2651 choragum
1301 2566 1449 2632 victorem
1476 2563 1701 2650 victoriamque

539 2675 639 2742 tribus
660 2676 822 2743 celebrant.
1399 2742 1402 2746 ,

624 2790 663 2855 Χ.
698 2791 748 2855 Ab
770 2789 819 2853 his
852 2788 1060 2854 monumentis
1081 2790 1171 2873 longe
1197 2789 1319 2854 diversa
1343 2788 1489 2853 videntur
1515 2786 1611 2852 fuisse
1632 2787 1698 2866 illa,

540 2922 618 2987 quae
639 2902 759 2988 proprie
781 2902 965 2967 didascalica
985 2908 1142 2968 vocantur.
1186 2903 1304 2981 Quibus
1326 2923 1423 2986 quum
1444 2906 1549 2988 poetae
1570 2900 1699 2966 victoris

539 3014 687 3080 memoria
709 3012 920 3093 celebraretur,
943 3014 1068 3079 nomine
1090 3014 1211 3079 fabulae
1232 3015 1367 3079 victricis
1382 3035 1458 3099 opus
1473 3018 1546 3091 erat,
1571 3012 1699 3075 nomine

539 3147 659 3212 quoque
674 3126 749 3205 eius,
773 3127 827 3211 qui
842 3127 957 3213 primas
968 3125 1089 3191 fabulae
1103 3132 1206 3211 partes
1222 3132 1337 3209 egerat3
1359 3146 1456 3212 pagus
1471 3131 1575 3189 antem
1589 3132 1699 3209 poetae

532 3239 658 3303 nomini
680 3238 765 3303 haud
788 3237 881 3302 dubie
905 3236 1082 3315 addebatur,
1111 3236 1326 3302 sollemnitatis
1348 3237 1480 3321 denique
1502 3237 1620 3301 mentio
1643 3237 1699 3301 ad·

464 3417 469 3424 ,
537 3349 707 3414 liciebatur.
751 3349 817 3413 lam
844 3348 941 3413 instat
962 3349 1114 3433 quaestio,
1143 3371 1219 3414 num
1242 3349 1281 3413 ad
1309 3349 1459 3414 rationem
1480 3354 1698 3413 monumento-

538 3480 609 3525 rum
624 3461 850 3544 choragicorum
874 3461 1057 3526 didascalica
1078 3462 1142 3527 sint
1163 3469 1346 3541 consecrata,
1369 3484 1447 3548 quae
1462 3461 1556 3526 unius
1571 3468 1698 3527 tantum

538 3577 653 3658 poetae,
668 3572 762 3636 unius
777 3573 998 3637 commissionis
1013 3572 1174 3639 victoriam
1193 3573 1382 3660 prodiderint
1401 3573 1575 3638 memoriae.
1609 3573 1697 3650 Quod

538 3683 565 3747 si
588 3682 740 3749 affirmare
760 3704 927 3769 possemus,
950 3685 1064 3770 duplex
1078 3690 1211 3750 exstaret
1221 3685 1314 3751 huius
1329 3686 1411 3750 modi
1426 3690 1697 3750 monumentorum

510 3803 512 3807 '
538 3815 651 3878 genus,
680 3794 812 3859 altemm
834 3798 921 3881 quasi
943 3798 1148 3882 privatorum,
1172 3798 1303 3863 alterum
1324 3798 1533 3884 publicorum,
1564 3796 1697 3861 alterum

538 3907 646 3989 igitur,
676 3907 756 3992 qnod
778 3928 810 3973 re
831 3909 899 3994 ipsa
919 3930 1022 3995 posses
1044 3911 1314 3974 monumentorum
1340 3908 1592 3974 didascalicomm
1614 3924 1697 3973 nun-

538 4038 665 4102 cupare,
694 4019 825 4084 alterum
848 4021 1052 4103 catalogorum
1075 4019 1336 4085 didascalicorum.
1380 4020 1423 4085 At
1443 4018 1553 4105 prioris
1576 4020 1696 4102 generis

538 4130 677 4215 exempla
704 4139 869 4217 supersunt
895 4133 990 4196 nulla.
1040 4133 1119 4196 Nam
1158 4153 1236 4217 quae
1268 4132 1413 4216 leguntur
1446 4132 1481 4196 in
1515 4137 1696 4213 argumento

537 4243 700 4308 Persarum
719 4244 877 4328 Aeschyli:
910 4244 977 4310 Ἐπὶ
1000 4245 1145 4316 Μένωνος
1174 4245 1513 4332 τραγῳδῶνλίσχύλος
1535 4245 1618 4309 ἐνίκα
1643 4247 1696 4309 Φι-

538 4360 591 4433 νεῖ,
614 4357 752 4444 Πέρσαις,
774 4356 911 4441 Γλαύκῳ,
933 4357 1103 4443 Προρηθεῖ,
1126 4377 1162 4420 ea
1176 4357 1270 4422 nimis
1294 4356 1398 4421 brevia
1420 4362 1507 4437 sunt3
1530 4377 1609 4442 quae
1624 4378 1696 4421 vero

536 4465 571 4529 in
593 4466 832 4549 Agamemnonis
855 4477 1049 4550 argumento,
1078 4470 1236 4555 capotius
1259 4490 1297 4533 cx
1319 4469 1475 4553 choragico
1496 4475 1529 4533 et
1555 4469 1697 4534 didasca-

537 4574 597 4640 lico
618 4577 763 4645 videntur
784 4580 914 4646 conflata
935 4600 1009 4644 esse.
1049 4582 1158 4667 Itaque
1186 4603 1282 4667 quum
1304 4580 1341 4644 de
1362 4582 1587 4660 monumentis,
1616 4584 1696 4668 qnae
