4484 5467
544 600 582 665 1⁹2
938 598 1128 656 Paoluoou.
1164 601 1307 656 cquul

541 770 791 837 commissionum
812 772 962 838 rationem
977 791 1039 838 nou
1053 773 1165 859 possis3
1188 778 1294 838 utrum
1307 770 1476 853 tetralogiis
1490 774 1645 834 certatum
1659 766 1698 831 sit

541 904 646 960 necne,
667 889 773 948 utrum
794 883 876 948 idem
896 886 1118 951 commissionis
1141 907 1242 952 annus
1263 884 1406 970 (Beeclrh.
1429 905 1458 947 v.
1481 886 1499 946 7
1522 880 1579 945 col.
1595 880 1625 943 II
1641 879 1697 942 Ar·

542 994 629 1059 chiae
649 993 803 1060 archontis
824 994 944 1080 Olymp.
968 997 1038 1074 los,
1059 998 1079 1061 3
1101 997 1196 1081 eruit)
1218 1019 1258 1061 an
1280 996 1336 1061 alii
1356 994 1492 1081 quidam,
1514 992 1612 1058 etiam
1632 1000 1698 1076 pest

543 1105 686 1172 Boeelihii
705 1106 871 1172 sollertiam
897 1128 1019 1191 prorsus
1040 1108 1082 1172 sit
1102 1109 1262 1173 incertum.
1305 1108 1348 1172 At
1372 1106 1558 1190 tragicorum
1579 1124 1697 1188 quoque

543 1218 766 1303 protogenistaa
793 1219 961 1286 seeundum
987 1221 1067 1286 hane
1094 1222 1324 1307 inscriptionem
1352 1219 1474 1305 publico
1502 1219 1559 1283 hoc
1586 1218 1697 1283 honore

543 1330 630 1413 digni
644 1337 718 1395 sunt
733 1331 841 1396 habiti
874 1332 960 1410 Quod
977 1333 1118 1419 equidem
1139 1355 1349 1411 commemoro,
1371 1352 1467 1418 quum
1483 1330 1517 1394 in
1534 1350 1698 1411 argumen-

544 1441 585 1506 tis
604 1442 831 1523 tragoodiarum
851 1446 1067 1530 superstitibus
1089 1446 1247 1513 histrionis
1276 1467 1387 1512 nomen
1409 1443 1523 1527 ubique
1545 1440 1698 1506 desidere-

544 1561 606 1618 tur.
648 1554 730 1620 Tum
752 1556 992 1636 animadvertas,
1015 1579 1044 1621 v.
1067 1560 1086 1622 5
1108 1557 1165 1623 col.
1187 1559 1201 1622 l
1222 1558 1283 1641 legi
1304 1559 1396 1623 ἐνίκα.
1440 1557 1506 1633 Quo
1525 1554 1564 1619 de
1585 1553 1699 1618 Boeclr·

544 1665 630 1729 hius:
655 1666 770 1748 „igitur
786 1670 907 1734 numeri
929 1669 952 1747 1,
968 1669 1006 1748 ll,
1021 1670 1073 1747 Ill,
1089 1670 1141 1747 IV,
1157 1671 1183 1733 V
1199 1691 1260 1735 nen
1282 1669 1321 1733 ed
1332 1668 1492 1734 victoriam
1514 1668 1698 1745 referuntur,

545 1776 600 1839 sed
621 1776 660 1840 ad
675 1779 897 1844 commissionis
919 1779 1084 1844 ordinem.“
1120 1781 1189 1846 Non
1204 1802 1349 1866 repugno,
1371 1799 1559 1865 quamquam
1581 1778 1699 1843 invitos

546 1887 689 1966 coneed03
712 1896 791 1953 certe
813 1890 892 1954 hanc
914 1891 1012 1973 legem
1031 1892 1127 1958 fuisse
1145 1892 1329 1975 negaverim.
1372 1893 1437 1957 Aut
1458 1896 1625 1975 utrumque
1640 1891 1700 1953 fac·

546 2004 615 2063 tum
636 2021 701 2065 esse
723 2001 842 2080 credas,
864 2001 1045 2088 tabulasque
1067 2010 1098 2067 et
1119 2003 1370 2069 commissionum
1390 2003 1528 2089 ipsamm
1549 2003 1700 2083 confectas

547 2133 612 2177 esse
641 2120 671 2177 et
698 2114 895 2181 victoriarum
921 2117 1174 2202 praemiorumve.
1217 2115 1344 2181 Nostrae
1370 2115 1494 2200 quidem
1516 2113 1700 2178 didascalice

548 2224 679 2290 alterum
700 2226 756 2291 hoc
778 2248 874 2310 genus
896 2227 1094 2292 victoriarum
1114 2228 1306 2312 profitentur.
1567 2291 1579 2313 ,

633 2337 685 2401 Xl.
728 2339 794 2401 lam
820 2338 1051 2423 inscriptionem
1077 2338 1114 2402 N.
1143 2338 1204 2402 231
1242 2337 1513 2403 Fourmontianam
1539 2344 1701 2421 sequentes

548 2450 703 2534 specimen
730 2450 873 2514 exhibere
901 2452 1053 2533 genuinae
1082 2450 1265 2515 didascalice
1297 2470 1467 2535 possumus.
1515 2448 1596 2513 Nam
1625 2448 1705 2533 quod

548 2560 593 2624 ibi
614 2561 750 2646 quinque
772 2562 881 2627 comici
903 2562 1119 2641 nominantur,
1141 2561 1233 2627 idox
1256 2568 1436 2643 argumento
1456 2560 1541 2625 Pluti
1563 2560 1706 2625 novimus

548 2672 643 2736 fuisse
665 2673 698 2735 in
723 2694 798 2751 usu,
827 2672 916 2737 choro
938 2673 1068 2738 ademto.
1090 2710 1132 2720 ·-
1165 2673 1268 2737 Primo
1296 2672 1391 2755 igitur
1418 2671 1482 2736 loeo
1509 2671 1707 2737 sollemnium

550 2803 661 2847 nomen
683 2791 744 2861 est,
772 2784 867 2849 altero
888 2783 1057 2863 archontis,
1079 2784 1169 2849 tertio
1189 2790 1312 2870 poetae,
1341 2789 1449 2869 quarto
1470 2784 1706 2869 protogenistae³

550 2896 658 2979 quinto
679 2902 794 2981 poetae,
817 2898 872 2981 qui
894 2897 1060 2962 secundam
1081 2897 1202 2962 rettulit
1218 2902 1274 2961 ete
1316 2897 1383 2962 Hac
1404 2896 1521 2960 ratione
1544 2894 1708 2960 didascali-

549 3023 621 3070 oum
647 3008 852 3091 fragmentum
886 3011 920 3075 in
953 3015 1132 3093 argumento
1158 3010 1282 3075 Medeae
1314 3010 1349 3074 in
1382 3009 1542 3093 antiquam
1578 3009 1710 3073 formam

551 3119 649 3203 redigi
670 3122 782 3206 poterit
801 3123 896 3187 talem

843 3234 895 3305 Εἰς
917 3236 1034 3321 Λήναια
1057 3235 1121 3298 sive
1143 3237 1174 3299 ἐν
1192 3234 1294 3300 'Aeser

799 3344 868 3409 Ἐπὶ
888 3346 1078 3431 Πυθοδώρου
1100 3343 1262 3432 Εὐφορίων
1285 3349 1405 3431 πρῶτος

843 3478 955 3522 nomen
976 3457 1153 3540 tetralogiae

806 3571 905 3656 ὑπεκρ.
942 3590 1054 3634 nomen
1075 3568 1299 3654 protogenistse

846 3682 1009 3769 Σοφοκλῆς
1030 3682 1167 3768 δεύτερος
1188 3700 1300 3746 nomen

916 3794 1092 3876 tetralogiae

849 3907 950 3992 ὑπεκρ.
973 3926 1054 3970 nom.
1076 3902 1301 3989 protogenistae

849 4014 1013 4103 Εὐριπίδης
1033 4017 1140 4103 τρίτος,
1162 4013 1291 4099 Μηδείᾳ,
1314 4013 1470 4096 Φιλοκτή-

850 4153 907 4212 ορ,ι
921 4128 1033 4205 Δίκτυι,
1056 4126 1212 4212 Θεριοταῐς
1234 4124 1387 4210 Σατύροις.
1510 4147 1514 4153 ·

852 4240 953 4324 iosap.
976 4257 1088 4302 nomeu
1108 4235 1341 4321 protogenistae.

558 4350 599 4416 Et
620 4373 657 4415 ex
679 4354 861 4433 argumento
882 4348 999 4413 Avium
1180 4340 1184 4347 ’

921 4459 973 4531 Εἰς
995 4460 1069 4525 ἄστυ
1092 4458 1142 4522 vel
1163 4461 1194 4524 ἐν
1219 4458 1310 4524 ἄστει.

851 4570 921 4639 Ἐπὶ
940 4570 1078 4659 Χαβρίου
1098 4570 1258 4658 Ἀμειψίας
1278 4573 1398 4657 πρῶτος
