4484 5467
913 1653 1057 1719 crrvr
1090 1650 1314 1732 ovlurvn.
1359 1623 1361 1628 ’

593 1878 660 1962 nn
689 1854 1350 1956 rvnrcrevsnrnrrirausrvu
1375 1871 1641 1970 ssevsovn

936 2015 1287 2091 rvurcnunevs.

622 2292 645 2354 Ι.
689 2291 816 2372 „Restat
837 2290 932 2373 igitur
953 2312 1035 2355 unus
1057 2290 1277 2375 Aristophanes
1299 2311 1371 2355 cum
1391 2288 1521 2361 ioculari
1542 2291 1601 2358 illa
1622 2295 1691 2362 imi-

479 2467 482 2471 ⁴
523 2402 653 2473 ,tatione
688 2402 811 2483 iudicii,
845 2423 922 2486 quae
957 2402 1136 2486 proponitur
1163 2402 1197 2465 in
1224 2402 1334 2488 Vespis
1367 2402 1604 2470 926-1033“.
1648 2407 1693 2473 lu

539 2513 781 2595 Schoemanum,
807 2514 841 2577 in
868 2512 1045 2598 exponenda
1078 2533 1111 2576 re
1144 2513 1305 2577 iudiciaria
1332 2512 1573 2597 Atheniensium
1603 2520 1692 2585 'facile

536 2624 688 2709 princeps,
712 2625 746 2689 iu
768 2623 1022 2689 commentatione
1044 2625 1236 2690 academica:
1265 2625 1310 2688 De
1331 2625 1516 2692 iudiciorum
1537 2630 1692 2716 suffr-*agiis

539 2736 664 2802 occultis
693 2758 720 2801 a.
752 2737 848 2819 1839,
884 2738 996 2802 iterum
1023 2735 1105 2802 edita
1131 2737 1165 2801 in
1199 2736 1422 2822 Opusculorum
1449 2737 1692 2809 academicorum

538 2849 606 2913 Vol.
627 2851 641 2912 Ι
663 2870 692 2933 p.
716 2850 793 2931 26*st
813 2839 929 2915 ‘addens
951 2850 1003 2915 ille
1025 2848 1240 2934 quidempest
1261 2850 1384 2915 brevem
1412 2851 1550 2934 suffragii
1581 2853 1693 2920 dmcri-

538 2961 688 3054 ptienem:
710 2962 838 3048 „ltaque
859 2984 1008 3029 umerum
1031 2961 1155 3047 quidem
1177 2961 1317 3043 duarum,
1340 2962 1450 3027 calculi
1477 2964 1573 3030 unius
1602 2987 1694 3032 usum

538 3073 588 3139 hic
609 3065 692 3140 loeus
715 3077 907 3162 comprobare
929 3080 1042 3161 potest:
1065 3073 1208 3159 palamne
1229 3074 1408 3158 suffragium
1431 3096 1471 3140 un
1493 3075 1694 3146 clam'latum

538 3187 587 3267 sit,
610 3187 715 3253 docere
743 3210 805 3253 non
831 3190 960 3273 potest“.
1004 3186 1076 3251 Post
1098 3184 1359 3268 Schoemannum,
1389 3188 1443 3270 qui
1471 3187 1509 3252 de
1536 3191 1630 3257 rebus
1658 3192 1694 3258 ad

540 3299 656 3364 iudicia
682 3300 858 3385 iudicesque
888 3298 1126 3364 Atheniensium
1147 3298 1373 3383 pertinentibus
1396 3300 1584 3367 sententiam
1606 3325 1695 3369 suam

539 3411 713 3495 prolaturus
742 3418 803 3494 est,
826 3433 922 3498 paene
943 3411 1065 3476 videtur
1087 3417 1190 3475 aetum
1212 3431 1316 3494 agere,
1346 3432 1445 3495 neque
1474 3432 1528 3496 ego
1555 3414 1585 3480 is
1614 3437 1694 3499 sum,

540 3522 594 3608 qui
615 3544 680 3586 rem
702 3525 809 3609 utique
830 3522 941 3587 melius
964 3522 1127 3607 explanare
1148 3544 1197 3587 me
1218 3544 1305 3607 posse
1320 3524 1479 3588 confidam.
1513 3514 1597 3591 Sunt
1612 3529 1695 3594 enim

533 3635 638 3700 -multa
659 3636 693 3699 in
715 3657 747 3699 re
769 3642 834 3701 tam
856 3634 973 3700 difficili
995 3640 1119 3719 tamque
1142 3636 1268 3700 obseura
1290 3635 1334 3699 ita
1356 3642 1546 3721 comparata,
1576 3646 1625 3705 ut·
1641 3662 1695 3727 pro

540 3748 620 3813 veris
643 3749 800 3813 venditare
822 3767 979 3831 cogamur,
1008 3766 1086 3831 quae
1115 3770 1171 3813 nec
1198 3768 1271 3812 vera
1298 3768 1353 3811 nec
1380 3748 1445 3811 veri
1474 3749 1591 3815 similia
1612 3759 1695 3819 sunt

540 3862 620 3939 Quot
641 3861 756 3925 fuerint
777 3860 955 3941 tribunalia,
976 3838 1030 3943 qui
1052 3858 1236 3924 iudiciorum
1257 3859 1433 3926 iudicumve
1456 3882 1605 3929 uumerus
1621 3885 1695 3949 quo-

540 3974 686 4053 tidianus,
709 3965 787 4057 quae
808 3974 905 4066 forma
925 3966 1138 4050 tribunalium,
1161 3972 1215 4055 qui
1237 3973 1450 4055 suffragiorum
1471 3974 1596 4054 modus,
1626 3977 1696 4071 quis

540 4091 587 4152 est
614 4086 668 4170 ¹qui
696 4090 765 4169 post
786 4086 920 4168 egregias
942 4084 1078 4149 virerum
1101 4084 1346 4155 doctissimorum
1376 4106 1463 4151 curas
1485 4086 1605 4171 liquide
1627 4110 1695 4175 pes-

541 4199 582 4264 sit
603 4196 725 4263 dicere?
768 4197 874 4281 Neque
897 4196 980 4259 enirn
1002 4196 1090 4260 aliter
1111 4218 1159 4261 res
1182 4218 1214 4261 se
1235 4197 1328 4261 habet
1349 4220 1384 4262 ac
1406 4198 1433 4261 si
1456 4198 1524 4281 quis
1547 4199 1696 4267 domuum

542 4311 796 4375 exstruendorum
817 4329 941 4394 prorsus
963 4309 1125 4393 imperitus
1148 4307 1272 4374 domum
1294 4300 1452 4374 exstruere
1476 4311 1581 4378 iussus
1604 4313 1698 4379 fuerit

541 4411 651 4507 talem,
680 4421 803 4508 qualem
830 4422 873 4503 is,
903 4423 956 4505 qui
978 4422 1080 4504 iubet,
1104 4428 1206 4485 mente
1229 4423 1420 4507 excogitavit,
1442 4445 1504 4489 non
1527 4422 1696 4513 descripsit

543 4536 669 4600 Graecos
691 4556 763 4601 vero
784 4533 944 4619 scriptores
966 4533 1185 4614 tribunalium,
1208 4534 1407 4618 iudiciorum,
1437 4537 1575 4621 ipsarum
1603 4538 1697 4605 ectio-
