4484 5467
1026 590 1221 649 ΣΦΗΚΕΣ

697 782 725 845 τί
745 782 850 846 ταύτὸν
873 784 904 846 ἐν
926 789 970 866 qq*
990 781 1018 846 r'
1044 782 1193 870 ἀπέβαλεν
1215 786 1270 849 κάν
1294 786 1416 873 οὔρανιγῖ

697 896 751 959 κάν
773 900 813 977 πρ·
834 896 969 979 θαλάττῃ
994 894 1101 980 θηρίον
1123 895 1174 979 τὴν
1198 898 1326 975 aientem

1042 1019 1198 1077 ΞΑΝΘΙΑΣ.

699 1116 789 1201 οἴμοι,
811 1118 840 1181 τί
861 1120 939 1202 δῆτά
963 1142 1015 1203 μοι
1036 1120 1129 1183 κακὸν
1151 1121 1305 1205 γενήσεται

698 1227 785 1293 ἰδόντι
807 1233 945 1293 τοιοῦτον
967 1229 1116 1309 ἐνάπνιον;

1058 1356 1186 1413 ΣΩΣΙΑΣ.

1158 1456 1199 1540 μὴ
1222 1456 1393 1541 φροντίσῃς.

698 1564 864 1649 οὐδὲνγὰρ
889 1562 973 1629 ἔσται
996 1567 1089 1629 δεινὸν
1113 1566 1150 1629 οὐ
1175 1567 1218 1651 μὰ
1239 1567 1310 1637 τοὺς
1332 1567 1432 1637 θεούς.

1041 1690 1197 1748 ΞΑΝΘΙΑΣ.

698 1787 790 1852 δεινόν
812 1788 846 1871 γε’
868 1788 927 1852 πού
941 1787 1007 1871 ,’στ’
1032 1788 1195 1875 άνῦριοπος
1217 1791 1380 1878 ἀποβαλὼν
1403 1790 1494 1855 ὅπλα.

697 1899 771 1986 ἀτάρ
795 1898 831 1963 ab
854 1901 888 1963 τὸ
913 1902 965 1965 σὸν
988 1899 1026 1965 αὖ
1050 1900 1146 1974 λέξον.

1058 2026 1186 2083 suum.
1240 2009 1242 2012 ’

1161 2124 1230 2189 ἀλλ’
1255 2126 1331 2189 ἐστὶν
1356 2126 1441 2211 μέγα.

696 2238 838 2321 περὶτῆς
861 2234 979 2307 πόλεως
1001 2239 1057 2323 γάρ
1081 2238 1143 2301 ἐστι
1164 2240 1219 2302 τοῦ
1244 2239 1379 2322 σκάφους
1401 2236 1485 2301 ὅλου.

997 2418 999 2422 ,
1040 2361 1196 2419 ΞΑΝΘΙΑΣ.

698 2461 765 2544 λέγε
788 2483 838 2523 νυν
861 2460 972 2529 ἀνύσας
994 2484 1020 2523 τι
1040 2461 1093 2543 ,τὴν
1115 2458 1217 2545 τρόπιν
1239 2464 1294 2525 τοῦ
1317 2463 1502 2545 πράγματος.

1058 2586 1186 2643 ΣΩΣΙΑΣ.

699 2684 787 2758 ἔδοξέ
811 2708 863 2769 μοι
884 2686 950 2770 περὶ
972 2688 1091 2770 πρῶτον
1114 2684 1206 2749 ὕπνον
1229 2686 1260 2748 ἐν
1282 2691 1323 2769 τγῖ
1345 2687 1432 2750 πυκνὶ

697 2798 900 2882 ἐκκλησιάζειν
922 2795 1057 2884 πρόβατα
1081 2796 1304 2881 συγκαθήμενα

575 3003 600 3038 ν.
614 2985 656 3036 22.
679 2984 720 3037 23.
755 2984 874 3037 Ordinem
895 2985 1030 3037 verborum
1057 3000 1071 3036 e
1093 2985 1123 3037 R.
1150 2984 1261 3037 restituit
1282 2984 1395 3048 Inuera„
1421 2987 1571 3051 receperrmt
1593 2988 1700 3036 reeentt.

612 3071 766 3124 assentiente
783 3071 838 3124 eod.
857 3071 888 3124 V.
907 3071 1041 3123 Praeterea
1058 3071 1185 3139 Hirsehig.
1203 3075 1317 3141 προτεντῖ
1331 3084 1378 3137 pro
1396 3074 1495 3140 προερεῖ
1511 3071 1537 3120 et
1558 3068 1582 3119 ri
1599 3084 1645 3136 pre
1664 3066 1702 3120 ὅτι

599 3158 653 3209 ·vel
670 3155 691 3220 ὅ,
709 3175 740 3220 τι,
758 3157 920 3209 scholiastem
938 3160 1072 3224 sequutus:
1090 3156 1116 3208 ἐν
1134 3161 1171 3227 τῷ
1190 3154 1227 3208 ὅτι
1245 3154 1378 3227 περισσεύει
1396 3154 1426 3207 τὸ
1444 3153 1457 3205 ὁ
1473 3149 1609 3211 Ἀττικῶς.

646 3240 689 3294 οὖν
705 3261 732 3294 τε
745 3246 777 3315 γρ
790 3242 878 3294 Markl.
892 3242 951 3295 Eur.
966 3243 1055 3310 Suppl.
1072 3242 1128 3295 109.
1142 3242 1199 3294 κάτ’
1217 3242 1242 3294 ἐν
1256 3240 1281 3294 e.
1295 3257 1341 3310 pre
1359 3241 1406 3293 κάν
1419 3245 1451 3314 τῇ
1465 3237 1490 3293 θ.
1501 3254 1608 3307 propeu.
1622 3240 1702 3291 Debr-

575 3347 600 3381 ν.
614 3328 655 3381 25.
690 3332 803 3380 τοιοῦτον
821 3329 853 3381 R.
871 3329 902 3382 V.
924 3329 1008 3396 vulgo.
1022 3328 1114 3381 τοιοῦτ’
1136 3329 1224 3382 Elmsl.
1243 3328 1306 3381 Aah.
1326 3327 1388 3391 178,
1410 3325 1536 3393 Hirsehig.
1559 3324 1591 3377 ei.
1609 3324 1702 3391 Enger.

611 3413 671 3481 Lys.
690 3414 731 3466 Pr.
749 3413 835 3467 XXII.
853 3413 913 3465 ἰδὼν
931 3418 1043 3466 τοιοῦτον
1062 3415 1158 3483 Reisig.
1178 3415 1229 3468 len.
1247 3414 1276 3468 L.
1295 3415 1324 3467 Z.
1344 3413 1408 3466 1817
1427 3429 1452 3481 p.
1470 3410 1530 3464 403.

575 3518 600 3554 ν.
614 3500 655 3553 27.
690 3498 777 3551 ποῦστ’
800 3498 857 3551 Ald.
876 3486 962 3551 πουστ’
984 3500 1050 3552 Iunt.
1068 3499 1163 3552 uei'er'
1185 3500 1270 3568 vulgo.
1292 3495 1376 3551 reter'
1398 3498 1473 3551 Dind.
1490 3496 1590 3549 Hirsch.
1609 3496 1701 3564 Bergk.

611 3586 643 3639 ef.
661 3585 725 3653 Eng.
744 3585 845 3638 Thesm.
864 3585 905 3639 21.
941 3586 1071 3638 Bentleius
1093 3602 1194 3638 versum
1216 3586 1250 3638 27
1269 3586 1357 3639 Sosiae
1380 3585 1522 3646 continuat,
1547 3584 1646 3650 partem
1664 3596 1702 3633 se·

612 3672 713 3739 quentis
730 3670 860 3723 Xanthiae
878 3672 1004 3740 relinquit.

574 3776 599 3812 v.
613 3757 654 3811 31.
689 3756 764 3809 πυκνὶ
781 3757 813 3809 R.
831 3757 862 3811 V.
880 3757 946 3811 lunt.
965 3758 1043 3812 schol.
1063 3758 1127 3812 Aeh.
1146 3758 1188 3812 20.
1223 3758 1298 3811 πνυκὶ
1317 3758 1375 3810 Ald.

592 3930 616 3965 ν.
635 3912 676 3964 24.
712 3910 787 3978 οἴμοι.
823 3911 956 3963 S··mnium
978 3915 1099 3980 tanquam
1200 3929 1224 3965 v.
1243 3913 1284 3965 29.
1315 3913 1438 3984 σκάρουςι
1462 3909 1540 3962 sehel.
1565 3909 1602 3961 ἀεὶ
1622 3908 1645 3960 οἱ
1661 3926 1702 3961 ποι

539 3998 672 4052 oraculum
684 3996 779 4064 aliquid
791 3997 851 4049 ma'i
865 3998 1022 4051 vaticinatur.
1049 3999 1099 4050 Me·
1148 3998 1207 4069 ηταὶ
1226 3998 1272 4056 τὰς
1290 3997 1375 4056 πόλεις
1388 3996 1484 4053 πλοίοις
1499 3995 1702 4067 παραβάλλουσιν

537 4086 590 4137 tuit
615 4083 705 4151 igitur,
732 4084 775 4150 qui
801 4083 933 4151 perfugam
954 4084 980 4135 in
1003 4084 1098 4136 somnis
1147 4084 1191 4136 καὶ
1217 4081 1359 4154 Σοφοκλῆς.
1405 4081 1445 4133 Ita
1472 4096 1520 4134 nos
1546 4082 1703 4133 assuevimus

537 4169 640 4231 viderit,
658 4183 689 4219 ne
706 4168 774 4235 ipse,
793 4168 836 4235 qui
852 4168 985 4236 perfugere
1003 4169 1098 4236 eogita-
1146 4169 1185 4221 uti
1210 4169 1301 4221 verbe:
1333 4166 1506 4230 Staatssehiff;
1536 4166 1621 4233 itaque
1646 4165 1704 4237 τρό-

536 4255 605 4308 verit
617 4253 702 4321 alique
714 4253 798 4317 medo,
810 4253 865 4305 loeo
878 4269 1032 4321 numeroque
1041 4269 1097 4321 per·
1146 4272 1186 4305 πιν
1213 4271 1237 4307 ν.
1264 4252 1298 4306 30
1323 4254 1428 4306 reddas:
1458 4250 1606 4318 Wendung‚
1636 4251 1653 4302 i.
1680 4266 1702 4301 e.

536 4342 615 4407 fugae
640 4338 772 4390 habeatur.
806 4338 890 4401 Quare
916 4340 983 4392 idem
1008 4354 1032 4389 v.
1055 4339 1097 4403 27,
1147 4340 1244 4393 Poiute.

537 4425 612 4494 quasi
625 4424 656 4475 de
667 4439 703 4487 se,
715 4421 795 4475 δεινόν
808 4424 835 4493 γέ
844 4423 947 4476 ποΰότ’
964 4421 1097 4496 ἄνθρωπος
1197 4443 1221 4479 ν.
1240 4426 1281 4479 32.
1312 4424 1496 4495 ἐκκλησιάζεινι
1514 4422 1592 4474 sehol.
1610 4421 1644 4479 εἰς
1662 4420 1703 4473 ἐκ·

537 4509 676 4579 ἀποβαλὼν
700 4507 777 4561 ὅπλοις
800 4510 815 4561 i.
839 4526 861 4562 e.
883 4526 991 4578 nequam
1011 4511 1095 4575 home,
1144 4511 1250 4583 κλιγσίαν
1266 4512 1387 4580 συνάγειν,
1404 4510 1481 4561 imme
1496 4503 1653 4576 συνάγεσθαι.
1671 4508 1703 4559 ci.

537 4612 617 4665 quum
626 4594 1097 4663 preximeanteirutssitztimendum.
1144 4597 1246 4652 Thesm.
1264 4597 1305 4651 84.
1325 4597 1365 4650 90.
1383 4594 1442 4650 329.
1472 4594 1540 4647 Eeel.
1561 4592 1617 4648 161.
1636 4589 1702 4665 Πρό·
