<?xml version="1.0" encoding="UTF-8"?>
<!DOCTYPE html PUBLIC "-//W3C//DTD XHTML 1.0 Transitional//EN"
    "http://www.w3.org/TR/xhtml1/DTD/xhtml1-transitional.dtd">
<html xmlns="http://www.w3.org/1999/xhtml" xml:lang="en" lang="en">
 <head>
  <title>
</title>
<meta http-equiv="Content-Type" content="text/html;charset=utf-8" />
  <meta name='ocr-system' content='tesseract 3.04.00' />
  <meta name='ocr-capabilities' content='ocr_page ocr_carea ocr_par ocr_line ocrx_word'/>
</head>
<body>
  <div class='ocr_page' id='page_1' title='image "./vespaecumproleg00richgoog_0030.png"; bbox 0 0 4484 5467; ppageno 0'>
   <div class='ocr_carea' id='block_1_1' title="bbox 545 610 1303 678">
    <p class='ocr_par' dir='ltr' id='par_1_1' title="bbox 545 610 1303 678">
     <span class='ocr_line' id='line_1_1' title="bbox 545 610 1303 678; baseline -0.017 -3"><span class='ocrx_word' id='word_1_1' title='bbox 545 616 582 678; x_wconf 84' lang='grc'>16</span> <span class='ocrx_word' id='word_1_2' title='bbox 936 612 1126 667; x_wconf 65' lang='grc' dir='ltr'>Ρῐιιλῐιῐιιῖιλλλ.</span> <span class='ocrx_word' id='word_1_3' title='bbox 1161 610 1273 665; x_wconf 76' lang='lat' dir='ltr'><strong>CAPV&#39;I&#39;</strong></span> <span class='ocrx_word' id='word_1_4' title='bbox 1291 610 1303 662; x_wconf 98' lang='lat' dir='ltr'><strong>I</strong></span> 
     </span>
    </p>
   </div>
   <div class='ocr_carea' id='block_1_2' title="bbox 465 782 1745 4679">
    <p class='ocr_par' dir='ltr' id='par_1_2' title="bbox 540 782 1701 1762">
     <span class='ocr_line' id='line_1_2' title="bbox 542 782 1700 870; baseline -0.004 -18"><span class='ocrx_word' id='word_1_5' title='bbox 542 784 728 852; x_wconf 76' lang='grc' dir='ltr'>Οιόιπάόειαε</span> <span class='ocrx_word' id='word_1_6' title='bbox 751 784 806 848; x_wconf 87' lang='lat' dir='ltr'>hoo</span> <span class='ocrx_word' id='word_1_7' title='bbox 828 784 873 848; x_wconf 87' lang='lat' dir='ltr'>ita</span> <span class='ocrx_word' id='word_1_8' title='bbox 895 783 1106 870; x_wconf 88' lang='lat' dir='ltr'>accipiendum</span> <span class='ocrx_word' id='word_1_9' title='bbox 1128 804 1193 848; x_wconf 90' lang='lat' dir='ltr'>esse</span> <span class='ocrx_word' id='word_1_10' title='bbox 1215 787 1350 868; x_wconf 90' lang='lat' dir='ltr'>apparet,</span> <span class='ocrx_word' id='word_1_11' title='bbox 1372 788 1409 846; x_wconf 93' lang='lat' dir='ltr'>ut</span> <span class='ocrx_word' id='word_1_12' title='bbox 1429 782 1613 847; x_wconf 83' lang='lat' dir='ltr'>Aristoteles</span> <span class='ocrx_word' id='word_1_13' title='bbox 1637 784 1700 847; x_wconf 91' lang='lat' dir='ltr'>siu-</span> 
     </span>
     <span class='ocr_line' id='line_1_3' title="bbox 541 893 1700 982; baseline -0.004 -20"><span class='ocrx_word' id='word_1_14' title='bbox 541 897 683 982; x_wconf 82' lang='lat' dir='ltr'>gnlarum</span> <span class='ocrx_word' id='word_1_15' title='bbox 717 893 893 978; x_wconf 83' lang='lat' dir='ltr'>tetralogiae</span> <span class='ocrx_word' id='word_1_16' title='bbox 926 895 1100 975; x_wconf 86' lang='lat' dir='ltr'>fabularum</span> <span class='ocrx_word' id='word_1_17' title='bbox 1133 894 1260 960; x_wconf 91' lang='lat' dir='ltr'>nomina</span> <span class='ocrx_word' id='word_1_18' title='bbox 1295 894 1522 979; x_wconf 78' lang='lat' dir='ltr'>conscripserit,</span> <span class='ocrx_word' id='word_1_19' title='bbox 1557 895 1700 977; x_wconf 85' lang='lat' dir='ltr'>gencrale</span> 
     </span>
     <span class='ocr_line' id='line_1_4' title="bbox 541 1006 1699 1091; baseline -0.002 -18"><span class='ocrx_word' id='word_1_20' title='bbox 541 1009 619 1075; x_wconf 92' lang='lat' dir='ltr'>illud</span> <span class='ocrx_word' id='word_1_21' title='bbox 641 1029 753 1073; x_wconf 90' lang='lat' dir='ltr'>nomen</span> <span class='ocrx_word' id='word_1_22' title='bbox 776 1013 830 1071; x_wconf 91' lang='lat' dir='ltr'>aut</span> <span class='ocrx_word' id='word_1_23' title='bbox 844 1007 988 1072; x_wconf 80' lang='lat' dir='ltr'>nescierit</span> <span class='ocrx_word' id='word_1_24' title='bbox 1009 1014 1064 1072; x_wconf 91' lang='lat' dir='ltr'>aut</span> <span class='ocrx_word' id='word_1_25' title='bbox 1085 1008 1231 1085; x_wconf 87' lang='lat' dir='ltr'>omiserit,</span> <span class='ocrx_word' id='word_1_26' title='bbox 1253 1006 1435 1071; x_wconf 79' lang='lat' dir='ltr'>recentiores</span> <span class='ocrx_word' id='word_1_27' title='bbox 1456 1027 1528 1072; x_wconf 85' lang='lat' dir='ltr'>vero</span> <span class='ocrx_word' id='word_1_28' title='bbox 1543 1007 1699 1091; x_wconf 65' lang='lat' dir='ltr'>grammass</span> 
     </span>
     <span class='ocr_line' id='line_1_5' title="bbox 540 1118 1701 1215; baseline -0.003 -29"><span class='ocrx_word' id='word_1_29' title='bbox 540 1121 791 1186; x_wconf 56' lang='lat' dir='ltr'>tici’breviorcm</span> <span class='ocrx_word' id='word_1_30' title='bbox 825 1126 855 1183; x_wconf 85' lang='lat' dir='ltr'>et</span> <span class='ocrx_word' id='word_1_31' title='bbox 887 1120 1070 1185; x_wconf 80' lang='lat' dir='ltr'>confecerint</span> <span class='ocrx_word' id='word_1_32' title='bbox 1101 1119 1229 1184; x_wconf 91' lang='lat' dir='ltr'>titulum</span> <span class='ocrx_word' id='word_1_33' title='bbox 1257 1125 1288 1183; x_wconf 87' lang='lat' dir='ltr'>et</span> <span class='ocrx_word' id='word_1_34' title='bbox 1314 1118 1507 1215; x_wconf 62' lang='lat' dir='ltr'>induxerint</span> <span class='ocrx_word' id='word_1_35' title='bbox 1547 1119 1638 1197; x_wconf 85' lang='lat' dir='ltr'>Quod</span> <span class='ocrx_word' id='word_1_36' title='bbox 1666 1125 1701 1183; x_wconf 94' lang='lat' dir='ltr'>ut</span> 
     </span>
     <span class='ocr_line' id='line_1_6' title="bbox 541 1231 1701 1317; baseline -0.003 -20"><span class='ocrx_word' id='word_1_37' title='bbox 541 1234 686 1298; x_wconf 78' lang='lat' dir='ltr'>concedas</span> <span class='ocrx_word' id='word_1_38' title='bbox 715 1232 887 1296; x_wconf 87' lang='lat' dir='ltr'>fabularum</span> <span class='ocrx_word' id='word_1_39' title='bbox 914 1231 1043 1296; x_wconf 86' lang='lat' dir='ltr'>iamiam</span> <span class='ocrx_word' id='word_1_40' title='bbox 1070 1236 1208 1295; x_wconf 86' lang='lat' dir='ltr'>actarum</span> <span class='ocrx_word' id='word_1_41' title='bbox 1235 1238 1371 1317; x_wconf 89' lang='lat' dir='ltr'>tempore</span> <span class='ocrx_word' id='word_1_42' title='bbox 1392 1232 1459 1295; x_wconf 83' lang='lat' dir='ltr'>fieri</span> <span class='ocrx_word' id='word_1_43' title='bbox 1480 1231 1635 1317; x_wconf 88' lang='lat' dir='ltr'>potuisse,</span> <span class='ocrx_word' id='word_1_44' title='bbox 1665 1237 1701 1294; x_wconf 88' lang='lat' dir='ltr'>ut</span> 
     </span>
     <span class='ocr_line' id='line_1_7' title="bbox 542 1331 1699 1432; baseline -0.003 -22"><span class='ocrx_word' id='word_1_45' title='bbox 542 1345 706 1432; x_wconf 83' lang='lat' dir='ltr'>appellatio</span> <span class='ocrx_word' id='word_1_46' title='bbox 727 1343 799 1407; x_wconf 86' lang='lat' dir='ltr'>talis</span> <span class='ocrx_word' id='word_1_47' title='bbox 822 1343 981 1428; x_wconf 88' lang='lat' dir='ltr'>quaedam,</span> <span class='ocrx_word' id='word_1_48' title='bbox 1005 1342 1105 1428; x_wconf 91' lang='lat' dir='ltr'>qualis</span> <span class='ocrx_word' id='word_1_49' title='bbox 1122 1342 1250 1422; x_wconf 85' lang='lat' dir='ltr'>Orestia,</span> <span class='ocrx_word' id='word_1_50' title='bbox 1272 1342 1447 1421; x_wconf 90' lang='lat' dir='ltr'>Pandionis,</span> <span class='ocrx_word' id='word_1_51' title='bbox 1470 1342 1631 1429; x_wconf 84' lang='lat' dir='ltr'>Lycurgca</span> <span class='ocrx_word' id='word_1_52' title='bbox 1645 1331 1699 1420; x_wconf 89' lang='lat' dir='ltr'>est,</span> 
     </span>
     <span class='ocr_line' id='line_1_8' title="bbox 541 1454 1700 1540; baseline -0.003 -18"><span class='ocrx_word' id='word_1_53' title='bbox 541 1459 752 1534; x_wconf 85' lang='lat' dir='ltr'>innotesceret,</span> <span class='ocrx_word' id='word_1_54' title='bbox 773 1460 877 1519; x_wconf 90' lang='lat' dir='ltr'>tamen</span> <span class='ocrx_word' id='word_1_55' title='bbox 893 1456 949 1520; x_wconf 92' lang='lat' dir='ltr'>hoc</span> <span class='ocrx_word' id='word_1_56' title='bbox 970 1477 1038 1520; x_wconf 92' lang='lat' dir='ltr'>raro</span> <span class='ocrx_word' id='word_1_57' title='bbox 1059 1456 1176 1520; x_wconf 85' lang='lat' dir='ltr'>Iactum</span> <span class='ocrx_word' id='word_1_58' title='bbox 1194 1475 1268 1533; x_wconf 88' lang='lat' dir='ltr'>esse,</span> <span class='ocrx_word' id='word_1_59' title='bbox 1291 1460 1402 1519; x_wconf 89' lang='lat' dir='ltr'>natura</span> <span class='ocrx_word' id='word_1_60' title='bbox 1423 1456 1467 1519; x_wconf 90' lang='lat' dir='ltr'>rei</span> <span class='ocrx_word' id='word_1_61' title='bbox 1481 1454 1577 1535; x_wconf 88' lang='lat' dir='ltr'>docet,</span> <span class='ocrx_word' id='word_1_62' title='bbox 1601 1477 1700 1540; x_wconf 90' lang='lat' dir='ltr'>quum</span> 
     </span>
     <span class='ocr_line' id='line_1_9' title="bbox 541 1566 1699 1652; baseline -0.003 -18"><span class='ocrx_word' id='word_1_63' title='bbox 541 1590 618 1646; x_wconf 88' lang='lat' dir='ltr'>raro,</span> <span class='ocrx_word' id='word_1_64' title='bbox 640 1574 676 1632; x_wconf 94' lang='lat' dir='ltr'>ut</span> <span class='ocrx_word' id='word_1_65' title='bbox 690 1566 738 1631; x_wconf 84' lang='lat' dir='ltr'>vol</span> <span class='ocrx_word' id='word_1_66' title='bbox 754 1567 931 1652; x_wconf 84' lang='lat' dir='ltr'>superstites</span> <span class='ocrx_word' id='word_1_67' title='bbox 945 1567 1174 1650; x_wconf 81' lang='lat' dir='ltr'>tetralogiarum</span> <span class='ocrx_word' id='word_1_68' title='bbox 1187 1567 1272 1632; x_wconf 84' lang='lat' dir='ltr'>tituli</span> <span class='ocrx_word' id='word_1_69' title='bbox 1295 1568 1411 1645; x_wconf 84' lang='lat' dir='ltr'>docent,</span> <span class='ocrx_word' id='word_1_70' title='bbox 1434 1566 1612 1649; x_wconf 83' lang='lat' dir='ltr'>tetralogiac</span> <span class='ocrx_word' id='word_1_71' title='bbox 1629 1567 1699 1630; x_wconf 89' lang='lat' dir='ltr'>dra-</span> 
     </span>
     <span class='ocr_line' id='line_1_10' title="bbox 542 1679 1411 1762; baseline -0.005 -17"><span class='ocrx_word' id='word_1_72' title='bbox 542 1686 625 1745; x_wconf 91' lang='lat' dir='ltr'>mata</span> <span class='ocrx_word' id='word_1_73' title='bbox 645 1679 728 1743; x_wconf 91' lang='lat' dir='ltr'>idem</span> <span class='ocrx_word' id='word_1_74' title='bbox 750 1679 940 1744; x_wconf 87' lang='lat' dir='ltr'>continerent</span> <span class='ocrx_word' id='word_1_75' title='bbox 960 1684 1165 1744; x_wconf 71' lang='lat' dir='ltr'>occurentes</span> <span class='ocrx_word' id='word_1_76' title='bbox 1187 1685 1411 1762; x_wconf 84' lang='lat' dir='ltr'>argumentum.</span> 
     </span>
    </p>

    <p class='ocr_par' dir='ltr' id='par_1_3' title="bbox 465 1790 1700 3111">
     <span class='ocr_line' id='line_1_11' title="bbox 625 1790 1700 1878; baseline -0.001 -22"><span class='ocrx_word' id='word_1_77' title='bbox 625 1792 795 1868; x_wconf 88' lang='lat' dir='ltr'>Postremo,</span> <span class='ocrx_word' id='word_1_78' title='bbox 829 1796 865 1854; x_wconf 93' lang='lat' dir='ltr'>ut</span> <span class='ocrx_word' id='word_1_79' title='bbox 896 1791 952 1855; x_wconf 94' lang='lat' dir='ltr'>hoc</span> <span class='ocrx_word' id='word_1_80' title='bbox 974 1810 1093 1878; x_wconf 91' lang='lat' dir='ltr'>quoque</span> <span class='ocrx_word' id='word_1_81' title='bbox 1115 1797 1195 1856; x_wconf 92' lang='lat' dir='ltr'>certe</span> <span class='ocrx_word' id='word_1_82' title='bbox 1216 1812 1279 1855; x_wconf 92' lang='lat' dir='ltr'>uno</span> <span class='ocrx_word' id='word_1_83' title='bbox 1305 1791 1370 1856; x_wconf 93' lang='lat' dir='ltr'>Ioco</span> <span class='ocrx_word' id='word_1_84' title='bbox 1397 1792 1591 1870; x_wconf 88' lang='lat' dir='ltr'>confirmem,</span> <span class='ocrx_word' id='word_1_85' title='bbox 1626 1790 1700 1856; x_wconf 89' lang='lat' dir='ltr'>licet</span> 
     </span>
     <span class='ocr_line' id='line_1_12' title="bbox 541 1901 1699 1989; baseline 0 -21"><span class='ocrx_word' id='word_1_86' title='bbox 541 1904 611 1968; x_wconf 88' lang='lat' dir='ltr'>aliis</span> <span class='ocrx_word' id='word_1_87' title='bbox 632 1901 793 1989; x_wconf 88' lang='lat' dir='ltr'>permultis</span> <span class='ocrx_word' id='word_1_88' title='bbox 819 1902 893 1967; x_wconf 86' lang='lat' dir='ltr'>satis</span> <span class='ocrx_word' id='word_1_89' title='bbox 921 1902 1066 1988; x_wconf 90' lang='lat' dir='ltr'>stipetur,</span> <span class='ocrx_word' id='word_1_90' title='bbox 1096 1909 1228 1968; x_wconf 84' lang='lat' dir='ltr'>actorem</span> <span class='ocrx_word' id='word_1_91' title='bbox 1249 1903 1428 1988; x_wconf 88' lang='lat' dir='ltr'>primarum</span> <span class='ocrx_word' id='word_1_92' title='bbox 1441 1903 1475 1967; x_wconf 91' lang='lat' dir='ltr'>in</span> <span class='ocrx_word' id='word_1_93' title='bbox 1497 1923 1588 1988; x_wconf 91' lang='lat' dir='ltr'>opere</span> <span class='ocrx_word' id='word_1_94' title='bbox 1610 1902 1699 1968; x_wconf 91' lang='lat' dir='ltr'>dida-</span> 
     </span>
     <span class='ocr_line' id='line_1_13' title="bbox 542 2014 1698 2101; baseline -0.001 -20"><span class='ocrx_word' id='word_1_95' title='bbox 542 2015 651 2081; x_wconf 86' lang='lat' dir='ltr'>scalico</span> <span class='ocrx_word' id='word_1_96' title='bbox 673 2037 709 2079; x_wconf 85' lang='lat' dir='ltr'>ex</span> <span class='ocrx_word' id='word_1_97' title='bbox 725 2015 932 2079; x_wconf 87' lang='lat' dir='ltr'>monumentis</span> <span class='ocrx_word' id='word_1_98' title='bbox 947 2014 1138 2079; x_wconf 83' lang='lat' dir='ltr'>didascalicis</span> <span class='ocrx_word' id='word_1_99' title='bbox 1160 2015 1362 2101; x_wconf 86' lang='lat' dir='ltr'>perscriptum</span> <span class='ocrx_word' id='word_1_100' title='bbox 1384 2015 1477 2079; x_wconf 87' lang='lat' dir='ltr'>fuisse</span> <span class='ocrx_word' id='word_1_101' title='bbox 1498 2014 1586 2080; x_wconf 90' lang='lat' dir='ltr'>docet</span> <span class='ocrx_word' id='word_1_102' title='bbox 1604 2017 1698 2080; x_wconf 90' lang='lat' dir='ltr'>schol.</span> 
     </span>
     <span class='ocr_line' id='line_1_14' title="bbox 465 2127 1698 2214; baseline -0.001 -22"><span class='ocrx_word' id='word_1_103' title='bbox 465 2136 469 2143; x_wconf 83' lang='lat'><em>&#39;</em></span> <span class='ocrx_word' id='word_1_104' title='bbox 541 2128 599 2192; x_wconf 70' lang='grc' dir='ltr'>Αἰ.</span> <span class='ocrx_word' id='word_1_105' title='bbox 615 2127 717 2214; x_wconf 76' lang='lat' dir='ltr'>vesp</span> <span class='ocrx_word' id='word_1_106' title='bbox 732 2128 828 2191; x_wconf 84' lang='lat'>1031:</span> <span class='ocrx_word' id='word_1_107' title='bbox 858 2131 949 2213; x_wconf 82' lang='grc' dir='ltr'>δηλοῖ</span> <span class='ocrx_word' id='word_1_108' title='bbox 969 2127 1012 2193; x_wconf 80' lang='grc' dir='ltr'>ὅτι</span> <span class='ocrx_word' id='word_1_109' title='bbox 1035 2130 1065 2192; x_wconf 83' lang='grc' dir='ltr'>αἱ</span> <span class='ocrx_word' id='word_1_110' title='bbox 1086 2129 1282 2193; x_wconf 76' lang='grc' dir='ltr'>Διδασκαλίαι</span> <span class='ocrx_word' id='word_1_111' title='bbox 1304 2127 1379 2198; x_wconf 84' lang='grc' dir='ltr'>ἴσως</span> <span class='ocrx_word' id='word_1_112' title='bbox 1400 2127 1528 2214; x_wconf 81' lang='grc' dir='ltr'>φέρουσι</span> <span class='ocrx_word' id='word_1_113' title='bbox 1547 2128 1621 2199; x_wconf 76' lang='grc' dir='ltr'>τοὺς</span> <span class='ocrx_word' id='word_1_114' title='bbox 1638 2128 1698 2193; x_wconf 81' lang='lat' dir='ltr'>‘ln-</span> 
     </span>
     <span class='ocr_line' id='line_1_15' title="bbox 542 2229 1698 2327; baseline -0.002 -21"><span class='ocrx_word' id='word_1_115' title='bbox 542 2245 608 2312; x_wconf 84' lang='grc' dir='ltr'>ιιεῖς</span> <span class='ocrx_word' id='word_1_116' title='bbox 629 2243 766 2327; x_wconf 81' lang='grc' dir='ltr'>πρώτους</span> <span class='ocrx_word' id='word_1_117' title='bbox 789 2238 838 2303; x_wconf 80' lang='grc' dir='ltr'>ὑπ’.</span> <span class='ocrx_word' id='word_1_118' title='bbox 859 2240 959 2304; x_wconf 81' lang='grc' dir='ltr'>αὐτοῦ.</span> <span class='ocrx_word' id='word_1_119' title='bbox 977 2238 1190 2324; x_wconf 73' lang='grc' dir='ltr'>καθισμένουςι</span> <span class='ocrx_word' id='word_1_120' title='bbox 1222 2239 1283 2303; x_wconf 89' lang='lat' dir='ltr'>nisi</span> <span class='ocrx_word' id='word_1_121' title='bbox 1305 2229 1404 2303; x_wconf 78' lang='lat' dir='ltr'>mavis</span> <span class='ocrx_word' id='word_1_122' title='bbox 1431 2238 1488 2303; x_wconf 90' lang='lat' dir='ltr'>hoc</span> <span class='ocrx_word' id='word_1_123' title='bbox 1515 2238 1553 2302; x_wconf 79' lang='lat' dir='ltr'>de</span> <span class='ocrx_word' id='word_1_124' title='bbox 1575 2246 1698 2304; x_wconf 84' lang='lat' dir='ltr'>auctore</span> 
     </span>
     <span class='ocr_line' id='line_1_16' title="bbox 542 2349 1697 2436; baseline 0 -20"><span class='ocrx_word' id='word_1_125' title='bbox 542 2353 602 2417; x_wconf 82' lang='lat' dir='ltr'>dIei</span> <span class='ocrx_word' id='word_1_126' title='bbox 632 2351 752 2415; x_wconf 83' lang='lat' dir='ltr'>fabulae</span> <span class='ocrx_word' id='word_1_127' title='bbox 779 2372 841 2415; x_wconf 91' lang='lat' dir='ltr'>non</span> <span class='ocrx_word' id='word_1_128' title='bbox 864 2351 901 2414; x_wconf 89' lang='lat' dir='ltr'>de</span> <span class='ocrx_word' id='word_1_129' title='bbox 923 2356 1036 2429; x_wconf 87' lang='lat' dir='ltr'>actore,</span> <span class='ocrx_word' id='word_1_130' title='bbox 1064 2372 1162 2436; x_wconf 91' lang='lat' dir='ltr'>quum</span> <span class='ocrx_word' id='word_1_131' title='bbox 1183 2351 1319 2416; x_wconf 77' lang='grc' dir='ltr'>καθιέναι</span> <span class='ocrx_word' id='word_1_132' title='bbox 1346 2350 1429 2414; x_wconf 89' lang='lat' dir='ltr'>idem</span> <span class='ocrx_word' id='word_1_133' title='bbox 1451 2349 1493 2413; x_wconf 89' lang='lat' dir='ltr'>sit</span> <span class='ocrx_word' id='word_1_134' title='bbox 1514 2351 1596 2433; x_wconf 90' lang='lat' dir='ltr'>quod</span> <span class='ocrx_word' id='word_1_135' title='bbox 1619 2354 1697 2417; x_wconf 82' lang='grc' dir='ltr'>διδά-</span> 
     </span>
     <span class='ocr_line' id='line_1_17' title="bbox 544 2462 1697 2553; baseline -0.003 -22"><span class='ocrx_word' id='word_1_136' title='bbox 544 2489 632 2531; x_wconf 86' lang='grc' dir='ltr'>σκειν.</span> <span class='ocrx_word' id='word_1_137' title='bbox 675 2466 719 2529; x_wconf 86' lang='grc' dir='ltr'>Αι</span> <span class='ocrx_word' id='word_1_138' title='bbox 739 2464 773 2527; x_wconf 88' lang='lat' dir='ltr'>in</span> <span class='ocrx_word' id='word_1_139' title='bbox 807 2468 992 2553; x_wconf 81' lang='lat' dir='ltr'>argumento</span> <span class='ocrx_word' id='word_1_140' title='bbox 1007 2464 1036 2527; x_wconf 98' lang='lat' dir='ltr'>II</span> <span class='ocrx_word' id='word_1_141' title='bbox 1058 2469 1104 2528; x_wconf 86' lang='lat' dir='ltr'>est</span> <span class='ocrx_word' id='word_1_142' title='bbox 1132 2501 1173 2509; x_wconf 90' lang='lat'><em>-</em></span> <span class='ocrx_word' id='word_1_143' title='bbox 1194 2462 1413 2550; x_wconf 78' lang='grc' dir='ltr'>Ἀριστοφάνης</span> <span class='ocrx_word' id='word_1_144' title='bbox 1434 2462 1557 2548; x_wconf 78' lang='grc' dir='ltr'>καλλίησι</span> <span class='ocrx_word' id='word_1_145' title='bbox 1579 2463 1614 2526; x_wconf 83' lang='grc' dir='ltr'>τὸ</span> <span class='ocrx_word' id='word_1_146' title='bbox 1636 2468 1697 2527; x_wconf 83' lang='grc' dir='ltr'>τῶν</span> 
     </span>
     <span class='ocr_line' id='line_1_18' title="bbox 536 2570 1697 2663; baseline -0.004 -21"><span class='ocrx_word' id='word_1_147' title='bbox 536 2577 666 2642; x_wconf 79' lang='grc' dir='ltr'>Ἱππέων</span> <span class='ocrx_word' id='word_1_148' title='bbox 691 2579 789 2663; x_wconf 78' lang='grc' dir='ltr'>δρᾶμα</span> <span class='ocrx_word' id='word_1_149' title='bbox 813 2573 847 2638; x_wconf 81' lang='grc' dir='ltr'>δι’</span> <span class='ocrx_word' id='word_1_150' title='bbox 871 2570 975 2653; x_wconf 75' lang='lat' dir='ltr'>ciceri,</span> <span class='ocrx_word' id='word_1_151' title='bbox 999 2578 1062 2640; x_wconf 81' lang='grc' dir='ltr'>ἐπεὶ</span> <span class='ocrx_word' id='word_1_152' title='bbox 1078 2580 1139 2640; x_wconf 83' lang='grc' dir='ltr'>τῶν</span> <span class='ocrx_word' id='word_1_153' title='bbox 1157 2580 1343 2640; x_wconf 79' lang='grc' dir='ltr'>σκευοποιῶν</span> <span class='ocrx_word' id='word_1_154' title='bbox 1368 2574 1466 2645; x_wconf 78' lang='grc' dir='ltr'>οὐδεὶς</span> <span class='ocrx_word' id='word_1_155' title='bbox 1488 2575 1642 2640; x_wconf 76' lang='grc' dir='ltr'>ἐπλάσατο</span> <span class='ocrx_word' id='word_1_156' title='bbox 1664 2576 1697 2639; x_wconf 77' lang='grc' dir='ltr'>τι</span> 
     </span>
     <span class='ocr_line' id='line_1_19' title="bbox 542 2680 1698 2777; baseline -0.002 -25"><span class='ocrx_word' id='word_1_157' title='bbox 542 2692 597 2753; x_wconf 78' lang='grc' dir='ltr'>τοῦ</span> <span class='ocrx_word' id='word_1_158' title='bbox 618 2687 763 2757; x_wconf 84' lang='grc' dir='ltr'>Κλέωνος</span> <span class='ocrx_word' id='word_1_159' title='bbox 785 2685 949 2773; x_wconf 79' lang='grc' dir='ltr'>πρόσωπον</span> <span class='ocrx_word' id='word_1_160' title='bbox 973 2688 1148 2777; x_wconf 79' lang='grc' dir='ltr'>διὰφόβον.</span> <span class='ocrx_word' id='word_1_161' title='bbox 1192 2688 1253 2752; x_wconf 86' lang='lat' dir='ltr'>Sed</span> <span class='ocrx_word' id='word_1_162' title='bbox 1280 2680 1317 2752; x_wconf 87' lang='lat' dir='ltr'>de</span> <span class='ocrx_word' id='word_1_163' title='bbox 1339 2687 1387 2750; x_wconf 85' lang='lat' dir='ltr'>his</span> <span class='ocrx_word' id='word_1_164' title='bbox 1414 2686 1503 2748; x_wconf 84' lang='lat' dir='ltr'>infra.</span> <span class='ocrx_word' id='word_1_165' title='bbox 1546 2680 1612 2750; x_wconf 90' lang='lat' dir='ltr'>Hoc</span> <span class='ocrx_word' id='word_1_166' title='bbox 1633 2686 1698 2750; x_wconf 88' lang='lat' dir='ltr'>Ioco</span> 
     </span>
     <span class='ocr_line' id='line_1_20' title="bbox 541 2798 1698 2885; baseline -0.002 -21"><span class='ocrx_word' id='word_1_167' title='bbox 541 2800 675 2864; x_wconf 87' lang='lat' dir='ltr'>sufficiat</span> <span class='ocrx_word' id='word_1_168' title='bbox 696 2819 832 2876; x_wconf 89' lang='lat' dir='ltr'>monere,</span> <span class='ocrx_word' id='word_1_169' title='bbox 863 2800 1076 2881; x_wconf 86' lang='lat' dir='ltr'>grammaticos</span> <span class='ocrx_word' id='word_1_170' title='bbox 1103 2807 1269 2885; x_wconf 89' lang='lat' dir='ltr'>utrumque</span> <span class='ocrx_word' id='word_1_171' title='bbox 1297 2799 1431 2864; x_wconf 84' lang='lat' dir='ltr'>officium</span> <span class='ocrx_word' id='word_1_172' title='bbox 1453 2803 1484 2862; x_wconf 94' lang='lat' dir='ltr'>et</span> <span class='ocrx_word' id='word_1_173' title='bbox 1512 2798 1646 2862; x_wconf 89' lang='lat' dir='ltr'>auctoris</span> <span class='ocrx_word' id='word_1_174' title='bbox 1669 2804 1698 2862; x_wconf 89' lang='lat' dir='ltr'>et</span> 
     </span>
     <span class='ocr_line' id='line_1_21' title="bbox 542 2909 1698 2998; baseline -0.003 -23"><span class='ocrx_word' id='word_1_175' title='bbox 542 2912 651 2977; x_wconf 87' lang='lat' dir='ltr'>actoris</span> <span class='ocrx_word' id='word_1_176' title='bbox 673 2933 896 2998; x_wconf 89' lang='lat' dir='ltr'>nonnunquam</span> <span class='ocrx_word' id='word_1_177' title='bbox 925 2912 1153 2998; x_wconf 84' lang='lat' dir='ltr'>permiscuisse,</span> <span class='ocrx_word' id='word_1_178' title='bbox 1182 2921 1218 2977; x_wconf 92' lang='lat' dir='ltr'>ut</span> <span class='ocrx_word' id='word_1_179' title='bbox 1240 2914 1387 2977; x_wconf 77' lang='grc' dir='ltr'>διδάσκειν</span> <span class='ocrx_word' id='word_1_180' title='bbox 1411 2910 1504 2974; x_wconf 91' lang='lat' dir='ltr'>etiam</span> <span class='ocrx_word' id='word_1_181' title='bbox 1526 2909 1564 2972; x_wconf 91' lang='lat' dir='ltr'>de</span> <span class='ocrx_word' id='word_1_182' title='bbox 1587 2910 1698 2974; x_wconf 89' lang='lat' dir='ltr'>actoris</span> 
     </span>
     <span class='ocr_line' id='line_1_22' title="bbox 541 3031 1573 3111; baseline 0.001 -23"><span class='ocrx_word' id='word_1_183' title='bbox 541 3043 667 3088; x_wconf 87' lang='lat' dir='ltr'>munere</span> <span class='ocrx_word' id='word_1_184' title='bbox 689 3031 881 3111; x_wconf 85' lang='lat' dir='ltr'>usurparent.</span> <span class='ocrx_word' id='word_1_185' title='bbox 1463 3079 1465 3082; x_wconf 91' lang='lat'><em>.</em></span> <span class='ocrx_word' id='word_1_186' title='bbox 1571 3106 1573 3108; x_wconf 12' lang='grc' dir='ltr'><strong><em>ι</em></strong></span> 
     </span>
    </p>

    <p class='ocr_par' dir='ltr' id='par_1_4' title="bbox 540 3133 1745 4679">
     <span class='ocr_line' id='line_1_23' title="bbox 626 3133 1699 3221; baseline -0.003 -21"><span class='ocrx_word' id='word_1_187' title='bbox 626 3137 708 3201; x_wconf 85' lang='lat' dir='ltr'><strong>XIII.</strong></span> <span class='ocrx_word' id='word_1_188' title='bbox 751 3137 797 3201; x_wconf 77' lang='lat' dir='ltr'>Ex</span> <span class='ocrx_word' id='word_1_189' title='bbox 818 3137 882 3216; x_wconf 89' lang='lat' dir='ltr'>his,</span> <span class='ocrx_word' id='word_1_190' title='bbox 905 3133 983 3221; x_wconf 80' lang='lat' dir='ltr'>quae</span> <span class='ocrx_word' id='word_1_191' title='bbox 1005 3136 1163 3220; x_wconf 82' lang='lat' dir='ltr'>hucusque</span> <span class='ocrx_word' id='word_1_192' title='bbox 1184 3134 1290 3214; x_wconf 86' lang='lat' dir='ltr'>attuli,</span> <span class='ocrx_word' id='word_1_193' title='bbox 1314 3134 1469 3219; x_wconf 83' lang='lat' dir='ltr'>collegisse</span> <span class='ocrx_word' id='word_1_194' title='bbox 1491 3134 1570 3198; x_wconf 88' lang='lat' dir='ltr'>mihi</span> <span class='ocrx_word' id='word_1_195' title='bbox 1593 3134 1699 3198; x_wconf 90' lang='lat' dir='ltr'>videor</span> 
     </span>
     <span class='ocr_line' id='line_1_24' title="bbox 541 3233 1698 3334; baseline -0.003 -21"><span class='ocrx_word' id='word_1_196' title='bbox 541 3233 612 3314; x_wconf 88' lang='lat' dir='ltr'>cum</span> <span class='ocrx_word' id='word_1_197' title='bbox 633 3269 756 3313; x_wconf 88' lang='lat' dir='ltr'>summo</span> <span class='ocrx_word' id='word_1_198' title='bbox 777 3249 914 3313; x_wconf 85' lang='lat' dir='ltr'>veritatis</span> <span class='ocrx_word' id='word_1_199' title='bbox 937 3247 1052 3334; x_wconf 88' lang='lat' dir='ltr'>specie,</span> <span class='ocrx_word' id='word_1_200' title='bbox 1075 3244 1248 3318; x_wconf 78' lang='lat' dir='ltr'>Aristotelis</span> <span class='ocrx_word' id='word_1_201' title='bbox 1271 3268 1347 3331; x_wconf 92' lang='lat' dir='ltr'>opus</span> <span class='ocrx_word' id='word_1_202' title='bbox 1368 3249 1576 3313; x_wconf 83' lang='grc' dir='ltr'>Διδασκαλιῶν</span> <span class='ocrx_word' id='word_1_203' title='bbox 1600 3268 1698 3312; x_wconf 91' lang='lat' dir='ltr'>anna-</span> 
     </span>
     <span class='ocr_line' id='line_1_25' title="bbox 541 3357 1698 3445; baseline -0.003 -21"><span class='ocrx_word' id='word_1_204' title='bbox 541 3361 619 3425; x_wconf 91' lang='lat' dir='ltr'>lium</span> <span class='ocrx_word' id='word_1_205' title='bbox 639 3362 738 3425; x_wconf 88' lang='lat' dir='ltr'>iustar</span> <span class='ocrx_word' id='word_1_206' title='bbox 760 3360 948 3425; x_wconf 86' lang='lat' dir='ltr'>scenicorum</span> <span class='ocrx_word' id='word_1_207' title='bbox 963 3362 1155 3445; x_wconf 83' lang='lat' dir='ltr'>singulorum</span> <span class='ocrx_word' id='word_1_208' title='bbox 1170 3379 1321 3424; x_wconf 89' lang='lat' dir='ltr'>annorum</span> <span class='ocrx_word' id='word_1_209' title='bbox 1336 3360 1564 3424; x_wconf 80' lang='lat' dir='ltr'>commissiones</span> <span class='ocrx_word' id='word_1_210' title='bbox 1585 3357 1632 3422; x_wconf 91' lang='lat' dir='ltr'>ita</span> <span class='ocrx_word' id='word_1_211' title='bbox 1646 3380 1698 3422; x_wconf 82' lang='lat' dir='ltr'>ex-</span> 
     </span>
     <span class='ocr_line' id='line_1_26' title="bbox 540 3472 1699 3557; baseline -0.002 -21"><span class='ocrx_word' id='word_1_212' title='bbox 540 3472 692 3552; x_wconf 89' lang='lat' dir='ltr'>hibuissc,</span> <span class='ocrx_word' id='word_1_213' title='bbox 719 3479 756 3537; x_wconf 91' lang='lat' dir='ltr'>ut</span> <span class='ocrx_word' id='word_1_214' title='bbox 783 3472 903 3536; x_wconf 90' lang='lat' dir='ltr'>Lenaea</span> <span class='ocrx_word' id='word_1_215' title='bbox 930 3473 1157 3551; x_wconf 82' lang='lat' dir='ltr'>antecederent,</span> <span class='ocrx_word' id='word_1_216' title='bbox 1185 3472 1334 3556; x_wconf 76' lang='lat' dir='ltr'>DIon&#39;ysia</span> <span class='ocrx_word' id='word_1_217' title='bbox 1360 3477 1574 3557; x_wconf 88' lang='lat' dir='ltr'>sequerentur,</span> <span class='ocrx_word' id='word_1_218' title='bbox 1608 3477 1699 3556; x_wconf 93' lang='lat' dir='ltr'>prout</span> 
     </span>
     <span class='ocr_line' id='line_1_27' title="bbox 541 3582 1699 3670; baseline -0.001 -22"><span class='ocrx_word' id='word_1_219' title='bbox 541 3604 640 3648; x_wconf 86' lang='lat' dir='ltr'>annus</span> <span class='ocrx_word' id='word_1_220' title='bbox 655 3584 777 3649; x_wconf 81' lang='lat' dir='ltr'>Atticus</span> <span class='ocrx_word' id='word_1_221' title='bbox 798 3584 831 3648; x_wconf 92' lang='lat' dir='ltr'>id</span> <span class='ocrx_word' id='word_1_222' title='bbox 852 3584 1034 3670; x_wconf 88' lang='lat' dir='ltr'>postulabat.</span> <span class='ocrx_word' id='word_1_223' title='bbox 1079 3586 1178 3663; x_wconf 84' lang='lat' dir='ltr'>Quare</span> <span class='ocrx_word' id='word_1_224' title='bbox 1200 3584 1232 3648; x_wconf 92' lang='lat' dir='ltr'>id</span> <span class='ocrx_word' id='word_1_225' title='bbox 1254 3590 1410 3669; x_wconf 88' lang='lat' dir='ltr'>receptum</span> <span class='ocrx_word' id='word_1_226' title='bbox 1432 3599 1506 3661; x_wconf 86' lang='lat' dir='ltr'>esse,</span> <span class='ocrx_word' id='word_1_227' title='bbox 1529 3582 1611 3669; x_wconf 91' lang='lat' dir='ltr'>quod</span> <span class='ocrx_word' id='word_1_228' title='bbox 1633 3604 1699 3648; x_wconf 90' lang='lat' dir='ltr'>om-</span> 
     </span>
     <span class='ocr_line' id='line_1_28' title="bbox 541 3679 1699 3782; baseline 0 -23"><span class='ocrx_word' id='word_1_229' title='bbox 541 3700 690 3760; x_wconf 87' lang='lat' dir='ltr'>numenta</span> <span class='ocrx_word' id='word_1_230' title='bbox 716 3697 916 3781; x_wconf 87' lang='lat' dir='ltr'>praebebant,</span> <span class='ocrx_word' id='word_1_231' title='bbox 944 3717 1000 3782; x_wconf 89' lang='lat' dir='ltr'>per</span> <span class='ocrx_word' id='word_1_232' title='bbox 1021 3718 1053 3762; x_wconf 89' lang='lat' dir='ltr'>se</span> <span class='ocrx_word' id='word_1_233' title='bbox 1075 3703 1174 3782; x_wconf 88' lang='lat' dir='ltr'>patet,</span> <span class='ocrx_word' id='word_1_234' title='bbox 1203 3717 1296 3781; x_wconf 88' lang='lat' dir='ltr'>quaro</span> <span class='ocrx_word' id='word_1_235' title='bbox 1325 3696 1408 3760; x_wconf 90' lang='lat' dir='ltr'>idom</span> <span class='ocrx_word' id='word_1_236' title='bbox 1435 3679 1547 3759; x_wconf 87' lang='lat' dir='ltr'>nomen</span> <span class='ocrx_word' id='word_1_237' title='bbox 1575 3696 1699 3780; x_wconf 90' lang='lat' dir='ltr'>saepius</span> 
     </span>
     <span class='ocr_line' id='line_1_29' title="bbox 541 3800 1698 3895; baseline -0.001 -25"><span class='ocrx_word' id='word_1_238' title='bbox 541 3808 719 3887; x_wconf 88' lang='lat' dir='ltr'>occurrisse,</span> <span class='ocrx_word' id='word_1_239' title='bbox 748 3809 869 3895; x_wconf 89' lang='lat' dir='ltr'>saepius</span> <span class='ocrx_word' id='word_1_240' title='bbox 896 3809 1113 3894; x_wconf 88' lang='lat' dir='ltr'>posterioribus</span> <span class='ocrx_word' id='word_1_241' title='bbox 1141 3800 1345 3893; x_wconf 85' lang='lat' dir='ltr'>suspicionem</span> <span class='ocrx_word' id='word_1_242' title='bbox 1374 3809 1505 3873; x_wconf 87' lang='lat' dir='ltr'>movisse</span> <span class='ocrx_word' id='word_1_243' title='bbox 1532 3805 1698 3871; x_wconf 82' lang='lat' dir='ltr'>vel&#39;bilem</span> 
     </span>
     <span class='ocr_line' id='line_1_30' title="bbox 541 3919 1699 4004; baseline -0.001 -21"><span class='ocrx_word' id='word_1_244' title='bbox 541 3925 778 3984; x_wconf 89' lang='lat' dir='ltr'>consentaneum</span> <span class='ocrx_word' id='word_1_245' title='bbox 801 3928 856 3986; x_wconf 89' lang='lat' dir='ltr'>est.</span> <span class='ocrx_word' id='word_1_246' title='bbox 901 3922 1000 3998; x_wconf 85' lang='lat' dir='ltr'>Quare</span> <span class='ocrx_word' id='word_1_247' title='bbox 1022 3943 1061 3986; x_wconf 90' lang='lat' dir='ltr'>ne</span> <span class='ocrx_word' id='word_1_248' title='bbox 1083 3921 1204 3986; x_wconf 86' lang='lat' dir='ltr'>mireris</span> <span class='ocrx_word' id='word_1_249' title='bbox 1226 3919 1318 3985; x_wconf 91' lang='lat' dir='ltr'>schol.</span> <span class='ocrx_word' id='word_1_250' title='bbox 1341 3920 1394 3984; x_wconf 82' lang='lat' dir='ltr'>Ar.</span> <span class='ocrx_word' id='word_1_251' title='bbox 1416 3920 1496 3983; x_wconf 91' lang='lat' dir='ltr'>Nub.</span> <span class='ocrx_word' id='word_1_252' title='bbox 1520 3920 1582 3983; x_wconf 72' lang='lat'>55⁴2</span> <span class='ocrx_word' id='word_1_253' title='bbox 1605 3939 1699 4004; x_wconf 89' lang='lat' dir='ltr'>supra</span> 
     </span>
     <span class='ocr_line' id='line_1_31' title="bbox 540 4031 1699 4121; baseline -0.001 -26"><span class='ocrx_word' id='word_1_254' title='bbox 540 4055 570 4118; x_wconf 93' lang='lat' dir='ltr'>p.</span> <span class='ocrx_word' id='word_1_255' title='bbox 588 4034 627 4097; x_wconf 79' lang='lat'>15</span> <span class='ocrx_word' id='word_1_256' title='bbox 650 4032 789 4097; x_wconf 86' lang='lat' dir='ltr'>allatum.</span> <span class='ocrx_word' id='word_1_257' title='bbox 812 4071 853 4082; x_wconf 93' lang='lat'>-</span> <span class='ocrx_word' id='word_1_258' title='bbox 876 4032 936 4097; x_wconf 87' lang='lat' dir='ltr'>Sed</span> <span class='ocrx_word' id='word_1_259' title='bbox 951 4053 1026 4121; x_wconf 84' lang='lat' dir='ltr'>opus</span> <span class='ocrx_word' id='word_1_260' title='bbox 1047 4032 1128 4098; x_wconf 89' lang='lat' dir='ltr'>illud</span> <span class='ocrx_word' id='word_1_261' title='bbox 1143 4032 1237 4095; x_wconf 89' lang='lat' dir='ltr'>etiam</span> <span class='ocrx_word' id='word_1_262' title='bbox 1259 4031 1321 4096; x_wconf 89' lang='lat' dir='ltr'>alia</span> <span class='ocrx_word' id='word_1_263' title='bbox 1335 4032 1485 4117; x_wconf 88' lang='lat' dir='ltr'>quaedam</span> <span class='ocrx_word' id='word_1_264' title='bbox 1500 4031 1699 4116; x_wconf 88' lang='lat' dir='ltr'>comprehcn-</span> 
     </span>
     <span class='ocr_line' id='line_1_32' title="bbox 541 4122 1745 4231; baseline -0.004 -22"><span class='ocrx_word' id='word_1_265' title='bbox 541 4145 630 4223; x_wconf 88' lang='lat' dir='ltr'>disse,</span> <span class='ocrx_word' id='word_1_266' title='bbox 646 4145 788 4209; x_wconf 75' lang='lat' dir='ltr'>novimus</span> <span class='ocrx_word' id='word_1_267' title='bbox 805 4166 820 4209; x_wconf 91' lang='lat' dir='ltr'>e</span> <span class='ocrx_word' id='word_1_268' title='bbox 836 4145 928 4211; x_wconf 87' lang='lat' dir='ltr'>schol.</span> <span class='ocrx_word' id='word_1_269' title='bbox 943 4145 997 4209; x_wconf 80' lang='lat' dir='ltr'>Ar.</span> <span class='ocrx_word' id='word_1_270' title='bbox 1009 4146 1067 4210; x_wconf 69' lang='grc' dir='ltr'>ιλιι.</span> <span class='ocrx_word' id='word_1_271' title='bbox 1086 4146 1184 4209; x_wconf 83' lang='lat'>1379:</span> <span class='ocrx_word' id='word_1_272' title='bbox 1206 4142 1415 4231; x_wconf 82' lang='grc' dir='ltr'>Ἀριστοτέλης</span> <span class='ocrx_word' id='word_1_273' title='bbox 1431 4146 1461 4210; x_wconf 84' lang='grc' dir='ltr'>ἐν</span> <span class='ocrx_word' id='word_1_274' title='bbox 1476 4122 1544 4214; x_wconf 84' lang='grc' dir='ltr'>ταῖς</span> <span class='ocrx_word' id='word_1_275' title='bbox 1552 4144 1698 4207; x_wconf 87' lang='grc' dir='ltr'>Διδασκα-</span> <span class='ocrx_word' id='word_1_276' title='bbox 1740 4192 1745 4203; x_wconf 84' lang='grc'><strong>.</strong></span> 
     </span>
     <span class='ocr_line' id='line_1_33' title="bbox 541 4235 1698 4346; baseline -0.005 -23"><span class='ocrx_word' id='word_1_277' title='bbox 541 4260 619 4329; x_wconf 72' lang='lat' dir='ltr'>liner</span> <span class='ocrx_word' id='word_1_278' title='bbox 634 4258 687 4323; x_wconf 78' lang='grc' dir='ltr'>δύο</span> <span class='ocrx_word' id='word_1_279' title='bbox 705 4260 777 4345; x_wconf 76' lang='grc' dir='ltr'>φησι</span> <span class='ocrx_word' id='word_1_280' title='bbox 792 4258 956 4343; x_wconf 71' lang='grc' dir='ltr'>γεγονέναι,</span> <span class='ocrx_word' id='word_1_281' title='bbox 979 4279 1019 4323; x_wconf 85' lang='lat' dir='ltr'>sc.</span> <span class='ocrx_word' id='word_1_282' title='bbox 1034 4257 1190 4346; x_wconf 84' lang='grc' dir='ltr'>Κινησίας,</span> <span class='ocrx_word' id='word_1_283' title='bbox 1214 4256 1289 4321; x_wconf 89' lang='lat' dir='ltr'>duos</span> <span class='ocrx_word' id='word_1_284' title='bbox 1303 4262 1408 4342; x_wconf 88' lang='lat' dir='ltr'>poetas</span> <span class='ocrx_word' id='word_1_285' title='bbox 1424 4235 1698 4339; x_wconf 77' lang='lat' dir='ltr'>dIthyramborum.</span> 
     </span>
     <span class='ocr_line' id='line_1_34' title="bbox 541 4361 1699 4454; baseline -0.003 -22"><span class='ocrx_word' id='word_1_286' title='bbox 541 4369 646 4453; x_wconf 86' lang='lat' dir='ltr'>Itaque</span> <span class='ocrx_word' id='word_1_287' title='bbox 669 4370 837 4434; x_wconf 86' lang='lat' dir='ltr'>certamina</span> <span class='ocrx_word' id='word_1_288' title='bbox 859 4370 1294 4454; x_wconf 63' lang='lat' dir='ltr'>quoque‘dithyrambicorum</span> <span class='ocrx_word' id='word_1_289' title='bbox 1322 4361 1436 4433; x_wconf 89' lang='lat' dir='ltr'>tabulis</span> <span class='ocrx_word' id='word_1_290' title='bbox 1458 4368 1555 4432; x_wconf 86' lang='lat' dir='ltr'>infixa</span> <span class='ocrx_word' id='word_1_291' title='bbox 1576 4372 1660 4445; x_wconf 87' lang='lat' dir='ltr'>sunt,</span> <span class='ocrx_word' id='word_1_292' title='bbox 1683 4387 1699 4428; x_wconf 93' lang='lat' dir='ltr'>e</span> 
     </span>
     <span class='ocr_line' id='line_1_35' title="bbox 541 4479 1700 4567; baseline -0.001 -23"><span class='ocrx_word' id='word_1_293' title='bbox 541 4480 715 4565; x_wconf 86' lang='lat' dir='ltr'>tabulisque</span> <span class='ocrx_word' id='word_1_294' title='bbox 736 4484 771 4547; x_wconf 82' lang='lat' dir='ltr'>In</span> <span class='ocrx_word' id='word_1_295' title='bbox 794 4481 983 4546; x_wconf 86' lang='lat' dir='ltr'>Didascalias</span> <span class='ocrx_word' id='word_1_296' title='bbox 1006 4483 1043 4547; x_wconf 84' lang='lat' dir='ltr'>ab</span> <span class='ocrx_word' id='word_1_297' title='bbox 1059 4483 1223 4547; x_wconf 85' lang='lat' dir='ltr'>Aristotele</span> <span class='ocrx_word' id='word_1_298' title='bbox 1245 4488 1374 4567; x_wconf 89' lang='lat' dir='ltr'>recepta.</span> <span class='ocrx_word' id='word_1_299' title='bbox 1418 4480 1469 4544; x_wconf 84' lang='lat' dir='ltr'>An</span> <span class='ocrx_word' id='word_1_300' title='bbox 1491 4480 1551 4543; x_wconf 92' lang='lat' dir='ltr'>huc</span> <span class='ocrx_word' id='word_1_301' title='bbox 1573 4479 1700 4566; x_wconf 86' lang='lat' dir='ltr'>respicit</span> 
     </span>
     <span class='ocr_line' id='line_1_36' title="bbox 542 4592 1701 4679; baseline -0.001 -22"><span class='ocrx_word' id='word_1_302' title='bbox 542 4592 652 4657; x_wconf 89' lang='lat' dir='ltr'>titulus</span> <span class='ocrx_word' id='word_1_303' title='bbox 669 4594 721 4657; x_wconf 89' lang='lat' dir='ltr'>illo</span> <span class='ocrx_word' id='word_1_304' title='bbox 738 4596 819 4679; x_wconf 66' lang='lat' dir='ltr'>aliud</span> <span class='ocrx_word' id='word_1_305' title='bbox 835 4594 919 4677; x_wconf 80' lang='lat' dir='ltr'>Iliog.</span> <span class='ocrx_word' id='word_1_306' title='bbox 936 4594 1034 4659; x_wconf 84' lang='lat' dir='ltr'>Laert.</span> <span class='ocrx_word' id='word_1_307' title='bbox 1050 4595 1069 4659; x_wconf 90' lang='lat' dir='ltr'>l.</span> <span class='ocrx_word' id='word_1_308' title='bbox 1085 4595 1105 4658; x_wconf 89' lang='lat' dir='ltr'>l.</span> <span class='ocrx_word' id='word_1_309' title='bbox 1122 4596 1211 4660; x_wconf 88' lang='grc' dir='ltr'>Νῖκαι</span> <span class='ocrx_word' id='word_1_310' title='bbox 1227 4593 1423 4664; x_wconf 82' lang='grc' dir='ltr'>Διονυσιακαί</span> <span class='ocrx_word' id='word_1_311' title='bbox 1431 4592 1445 4655; x_wconf 87' lang='lat'>?</span> <span class='ocrx_word' id='word_1_312' title='bbox 1471 4592 1560 4669; x_wconf 80' lang='lat' dir='ltr'>Quod·</span> <span class='ocrx_word' id='word_1_313' title='bbox 1572 4592 1701 4676; x_wconf 91' lang='lat' dir='ltr'>quidem</span> 
     </span>
    </p>
   </div>
   <div class='ocr_carea' id='block_1_3' title="bbox 0 0 2246 5467">
    <p class='ocr_par' dir='ltr' id='par_1_5' title="bbox 0 0 2246 5467">
     <span class='ocr_line' id='line_1_37' title="bbox 0 0 2246 5467; baseline 0 0"><span class='ocrx_word' id='word_1_314' title='bbox 0 0 2246 5467; x_wconf 95' lang='lat' dir='ltr'> </span> 
     </span>
    </p>
   </div>
  </div>
 </body>
</html>
