4484 5467
536 627 556 688 a
926 623 1116 678 rnounoon.
1153 624 1266 697 cnrvr
1283 623 1307 675 1·

536 795 611 873 ravi,
634 796 824 872 nominibus,
848 795 1061 881 Aristophanis
1091 794 1326 879 aequaliumquc
1354 795 1460 881 opinor
1488 802 1588 860 aetate
1611 796 1695 861 aliud

537 907 612 992 quid
627 906 785 972 consimile
801 906 962 988 significat,
985 906 1134 970 nimirum
1155 907 1249 971 unius
1271 906 1443 971 comoediae
1456 908 1505 972 vel
1522 910 1619 973 unius
1633 914 1695 972 tra-

537 1018 661 1101 goediae
684 1017 731 1081 vel
754 1018 848 1082 unius
870 1017 1047 1101 tetralogiae
1068 1018 1324 1084 commissionem.
1370 1018 1457 1082 Certe
1478 1025 1578 1105 potest
1600 1019 1696 1102 signi·
1740 1005 1742 1008 ⁵

537 1131 636 1207 ficare,
657 1129 722 1207 illa,
745 1150 838 1213 quam
860 1129 879 1212 ξ
901 1130 929 1192 V
950 1131 1102 1216 proposui,
1137 1130 1254 1195 ratione
1280 1129 1426 1194 adhibita.
1469 1130 1577 1216 Itaque
1601 1152 1697 1216 quum

537 1263 664 1307 numero
687 1240 800 1327 plurali
819 1240 937 1305 dictum
960 1247 1005 1305 est
1029 1245 1059 1305 αἱ
1082 1244 1278 1319 διδασκαλίαι,
1300 1241 1403 1327 plures
1425 1241 1601 1307 fabularum
1616 1264 1697 1308 com-

537 1354 699 1418 missiones
721 1354 847 1417 fuerunt
868 1351 916 1416 vel
940 1353 1077 1417 eiusdem
1099 1352 1148 1416 vel
1167 1353 1546 1439 diversorum'poetarum,
1569 1362 1607 1419 ut
1629 1377 1655 1418 e.
1670 1376 1697 1439 g.

537 1469 568 1530 αί
584 1465 780 1552 Σοφοκλέους
802 1466 989 1530 διδασκαλίαι
1011 1464 1132 1529 fabulae
1154 1472 1227 1530 sunt
1249 1464 1406 1550 Sophoclis
1427 1466 1619 1532 commissae.
1652 1468 1697 1531 Δι-

538 1578 695 1642 δασκαλίαι
720 1597 808 1660 porro
831 1576 1024 1661 appellantur
1051 1575 1173 1641 fabulae
1195 1578 1388 1655 commissae,
1417 1583 1568 1661 quatenus
1591 1600 1698 1642 earum

538 1694 642 1752 auctor
666 1708 721 1772 per
737 1707 769 1751 se
791 1693 838 1751 est
860 1690 1055 1767 διδάσκαλοςς
1077 1691 1219 1775 χορηγίαι
1241 1695 1344 1753 autem
1367 1689 1521 1768 dicuntur,
1545 1695 1698 1773 quatenus

537 1820 634 1884 quum
661 1804 765 1863 auctor
780 1798 906 1862 chorum
920 1798 1066 1884 impetrat
1087 1800 1179 1883 (Xan.
1194 1801 1277 1864 Hier.
1293 1803 1322 1879 9,
1338 1801 1374 1886 4)
1394 1807 1464 1865 tum
1486 1801 1553 1866 sine
1569 1801 1699 1884 chorago

536 1911 710 1976 commissio
739 1931 804 1975 esse
826 1910 951 1975 omnino
973 1930 1035 1975 non
1057 1917 1165 1997 potest.
1209 1902 1252 1976 At
1280 1919 1454 1998 temporum
1476 1933 1550 1977 usus
1573 1918 1605 1977 et
1628 1934 1699 1978 con-

537 2024 666 2088 suetudo
698 2043 760 2087 non
788 2022 890 2087 aliena
917 2022 1040 2108 quidem
1071 2024 1125 2088 sed
1152 2023 1214 2088 alia
1241 2031 1345 2088 tamen
1374 2024 1546 2089 admiscuit.
1589 2024 1699 2088 Paullo

538 2136 621 2200 enim
637 2140 707 2221 post
723 2133 834 2217 gloriae
852 2134 1090 2199 Atheniensium
1112 2136 1283 2215 interitum,
1306 2142 1374 2222 post
1391 2136 1608 2221 Aristophanis
1633 2136 1699 2201 dico

538 2248 664 2325 obitum,
691 2245 748 2324 vel,
771 2246 799 2311 si
813 2247 912 2330 magis
933 2245 1041 2332 placet,
1064 2247 1168 2332 paullo
1190 2247 1276 2332 prius
1298 2248 1430 2334 populus
1452 2248 1623 2313 certamina
1645 2248 1700 2312 illa

538 2360 657 2424 musica
683 2360 876 2429 διδασκαλίας
897 2378 1075 2444 nuncupare
1098 2359 1242 2436 assuevit,
1265 2346 1330 2423 non¹
1349 2360 1443 2424 unius
1465 2359 1560 2442 igitur
1581 2366 1698 2445 poetae,

540 2472 592 2537 sed
615 2492 738 2548 eorum,
766 2470 820 2553 qui
841 2490 905 2534 una
926 2471 960 2534 in
982 2476 1137 2535 certamen
1159 2470 1399 2550 descenderant,
1420 2471 1538 2536 fabulas
1560 2472 1699 2536 certandi

540 2604 645 2648 caussa
669 2581 855 2647 commissas.
899 2582 958 2646 Hic
980 2582 1222 2660 animadvertas,
1250 2583 1378 2646 verbum
1401 2584 1578 2648 διδασκαλία
1593 2579 1699 2649 'victo

539 2698 618 2761 riam
640 2696 677 2760 de
700 2694 794 2759 altero
814 2696 946 2781 χορηγία
968 2700 1151 2779 reportasse,
1175 2693 1271 2777 quod,
1298 2694 1325 2758 si
1346 2695 1379 2758 in
1401 2715 1461 2759 usu
1482 2695 1605 2773 fuisset,
1630 2696 1699 2781 pari

539 2808 629 2874 modo
652 2829 734 2873 nunc
750 2806 976 2870 commissiones
998 2805 1174 2870 fabularum
1189 2805 1370 2888 choragicas,
1393 2813 1544 2891 quatenus
1562 2812 1618 2871 aut
1632 2808 1700 2872 vic-

539 2921 651 3013 toriam
672 2918 816 2985 tulissent
838 2925 892 2982 aut
913 2917 1103 2996 cecidissent,
1126 2917 1320 3001 significaret.

624 3033 704 3096 VIL'
734 3032 800 3094 lam
822 3050 857 3094 eo
878 3030 1084 3115 pervenimus
1106 3034 1143 3093 ut
1164 3029 1201 3093 de
1223 3030 1390 3094 novissima
1410 3030 1496 3094 verbi
1520 3035 1701 3099 διδασκαλία

540 3144 763 3228 significatione
780 3142 967 3207 sententiam
981 3142 1092 3221 dicam,
1115 3161 1152 3204 ca
1173 3140 1299 3220 scilicet,
1322 3164 1415 3226 quam
1437 3148 1588 3208 nostrates
1604 3146 1701 3229 potis·

541 3259 867 3341 simumusurparunt.
904 3253 1027 3318 Etenim
1040 3275 1146 3338 quum
1170 3255 1347 3318 διδασκαλία
1368 3254 1519 3339 principio
1536 3256 1617 3320 nihil
1633 3257 1701 3321 fue-

540 3371 582 3435 rit
608 3370 670 3433 nisi
695 3366 862 3452 ,disciplina
889 3367 988 3452 poesis
1018 3387 1074 3451 ope
1103 3367 1197 3444 facta,
1231 3370 1299 3429 tum
1333 3386 1408 3451 opus
1436 3367 1565 3451 quodvis
1593 3376 1702 3454 poetae

477 3529 480 3533 ι
540 3480 685 3557 alicuius,
715 3478 824 3542 deinde
847 3479 1010 3543 commissa
1030 3482 1137 3563 poetae
1159 3477 1320 3541 cuiusdam
1341 3477 1390 3541 vel
1412 3478 1629 3562 dithyrambis-i
1651 3481 1701 3545 vel

540 3592 652 3658 scenici
680 3588 797 3668 fabula,
834 3595 988 3655 certamen
1025 3590 1156 3674 denique
1189 3588 1379 3660 fabularum<
1397 3590 1533 3654 eiusdem
1555 3593 1702 3657 commis·

540 3704 634 3770 sionis
656 3701 766 3779 fuerit,
790 3702 866 3766 abiit
887 3708 1038 3788 postremo
1060 3703 1094 3766 in
1117 3701 1372 3783 significationem
1393 3703 1586 3766 monumenti
1613 3703 1702 3768 dida-

540 3814 659 3891 scalici,
685 3813 706 3876 i.
729 3833 754 3875 e.
782 3814 904 3877 tabulae
933 3812 1109 3880 certaminis
1138 3813 1251 3878 scenici
1283 3814 1347 3877 sive
1369 3814 1543 3879 fabularum
1564 3815 1623 3879 hac
1645 3815 1702 3879 illa

541 3925 745 3992 sollemnitate
760 3927 1000 3991 commissarum.
1025 3927 1232 3993 Διδασκαλίαι
1247 3946 1318 3989 vero
1333 3926 1445 4011 plurali
1468 3946 1595 3990 numero
1611 3929 1702 4011 quasi

541 4060 649 4126 corpus
669 4037 822 4122 quoddam
842 4025 1112 4106 monumentorum
1130 4035 1323 4101 collectorum
1344 4038 1569 4102 existimantur.
1607 4038 1702 4103 Novi-

541 4174 611 4216 mus
634 4150 718 4214 enim
742 4172 758 4213 e
779 4150 914 4234 Diogene
935 4147 1055 4214 Laertio
1069 4149 1106 4227 V,
1123 4149 1174 4227 26,
1197 4148 1284 4213 cuius
1306 4150 1340 4214 in
1362 4151 1419 4214 hac
1441 4172 1472 4213 re
1488 4150 1701 4215 auctoritatem
1728 4127 1732 4134 ⁵

542 4265 603 4329 scio
626 4262 748 4328 nullum
777 4262 830 4346 qui
853 4262 1014 4347 spreverit,
1043 4260 1241 4324 Aristotelem
1268 4263 1343 4327 duos
1371 4261 1575 4347 composuisse
1597 4261 1700 4341 libros,

542 4377 674 4441 alterum
688 4376 789 4442 Νικῶν
812 4375 1028 4452 Διονυσιακῶν,
1052 4372 1183 4436 alterum
1198 4375 1415 4438 Διδασκαλιῶν.
1461 4371 1521 4436 Sed
1543 4374 1701 4458 catalogus

543 4488 610 4566 iste,
640 4488 694 4571 qui
715 4486 840 4572 praebet
860 4484 1091 4572 Ὀλυμπιονῖκαι
1115 4482 1153 4562 α’,
1175 4485 1352 4550 Πυθιονῖκαι
1377 4492 1525 4570 μουσικῆς
1548 4484 1585 4563 α’,
1608 4487 1700 4552 lloilr·
1738 4483 1740 4486 ’

543 4600 596 4673 ahi
619 4594 662 4678 α’,
684 4599 874 4667 Πυθιονικῶν
900 4596 1026 4683 ἔλεγχος
1039 4595 1081 4675 α’,
1104 4596 1194 4664 Νῖκαι
1216 4599 1409 4663 Διονυσιακαὶ
1431 4595 1474 4676 α’,
1497 4597 1569 4687 Περὶ
1585 4623 1699 4689 τραγῳ-
