4484 5467
545 614 606 677 104
919 609 1108 665 ruomoou.
1144 610 1257 665 onrvr
1274 610 1311 665 rv

540 782 709 865 adiectiva‚
731 804 792 847 non
815 780 942 847 nomina
963 781 1100 867 propria,
1123 804 1202 867 quae
1223 804 1307 848 nunc
1327 788 1517 867 sequuntur,
1541 788 1691 868 quattuor;

538 895 628 979 quasi
650 895 683 958 cl
707 896 899 981 δικαστήριον
927 899 1078 978 tanquam
1099 894 1182 977 regio
1209 894 1359 978 quaedam
1380 894 1594 960 tribunalium
1615 901 1692 974 emet,

539 1007 627 1072 cuius
649 1012 794 1090 quattuor
815 1011 916 1091 partes
939 1004 1172 1070 nominarentur
1193 1005 1289 1071 τόποι.
1332 1007 1483 1071 Attamen
1508 1007 1627 1073 omissa
1645 1008 1693 1073 hac

539 1123 688 1202 tanquam
709 1123 819 1202 quarta
840 1116 922 1182 vocis
945 1118 1136 1203 δικαστήριον
1165 1115 1403 1199 significatione,
1433 1117 1635 1184 Dindorfium
1654 1141 1692 1184 se·

539 1230 674 1314 quimur.
716 1229 823 1314 Neque
843 1227 889 1293 ita
911 1226 1049 1291 difficilia
1071 1233 1145 1291 sunt
1166 1228 1386 1298 adiectivorum
1408 1235 1521 1295 neutra
1544 1230 1586 1295 ad
1606 1231 1693 1317 expli·

540 1340 689 1423 candum,
718 1340 873 1405 Pausania
893 1338 1073 1424 praesertim
1096 1338 1182 1422 duce,
1205 1340 1305 1425 quil,
1328 1341 1379 1420 28,
1402 1341 1436 1406 8:
1466 1340 1533 1407 ἔστι
1558 1344 1593 1408 δὲ
1612 1342 1693 1429 Ἀθη

540 1454 635 1523 ναίοις
656 1451 805 1518 καὶᾶλλο
827 1452 1012 1537 δικαστήρια,
1036 1448 1092 1515 οὐκ
1115 1451 1147 1522 ἐς
1161 1456 1306 1517 τοσοῦτον
1323 1452 1413 1538 δοίης
1429 1455 1557 1539 ἥκοντα.
1595 1455 1692 1541 τὸμὲν

543 1563 595 1631 οὖν
618 1564 806 1650 καλούμενον
829 1562 1026 1650 Παράβυστον
1055 1562 1105 1625 καὶ
1127 1560 1297 1647 Τρίγωνον,
1323 1565 1357 1629 τὸ
1381 1564 1435 1650 μὲν
1458 1564 1491 1629 ἐν
1515 1566 1632 1652 ἀφανεῖ
1649 1571 1696 1651 ripe

542 1675 661 1746 πόλεως
690 1674 723 1740 ὂν
752 1675 801 1739 καὶ
822 1670 872 1737 ἐπ’
896 1673 1065 1758 ἐλαχίστοις
1088 1673 1249 1740 συνιόντων
1273 1675 1304 1746 ἐς
1326 1674 1417 1753 αὐτό,
1444 1676 1479 1740 τὸ
1503 1678 1540 1741 δὲ
1564 1678 1695 1743 ἀπὸτοῦ

543 1790 700 1874 σχήματος
724 1785 845 1873 ἔχειτὰ
868 1783 1009 1869 ὀνόματα.
1052 1784 1160 1877 Itaque
1181 1786 1214 1850 τὸ
1237 1786 1434 1875 Παράβυστον
1465 1792 1514 1851 est
1536 1787 1629 1854 iuxta
1648 1809 1695 1875 po-

542 1898 647 1980 situm,
670 1897 827 1975 infertum,
850 1899 887 1960 ut
906 1894 1038 1979 cogitare
1059 1896 1157 1982 possis
1179 1897 1216 1961 de
1231 1897 1368 1963 aedificio
1390 1898 1524 1983 quodam
1544 1900 1612 1965 sivo
1626 1905 1696 1977 tem·

542 2010 602 2096 plo,
625 2009 713 2074 ouius
735 2008 775 2073 ad
796 2008 878 2072 latus
899 2007 983 2071 locus
1001 2006 1155 2072 dicasterii
1177 2008 1284 2089 luerit;
1306 2010 1339 2073 τὸ
1354 2008 1478 2089 Konta,
1500 2032 1631 2092 novum,
1653 2033 1697 2076 er-

542 2121 707 2207 plicatione
736 2120 790 2185 vix
818 2117 950 2202 indiget3
977 2119 1128 2204 originem
1149 2140 1221 2186 vero
1248 2120 1386 2200 duxerit,
1413 2141 1451 2185 ox
1478 2142 1541 2206 quo
1570 2128 1699 2210 temporo

542 2233 605 2300 alia
631 2232 815 2311 tribunalia,
848 2229 904 2295 illa
934 2231 1076 2313 fortasse,
1109 2252 1188 2315 quae
1209 2254 1273 2299 una
1304 2253 1375 2297 oum
1401 2232 1468 2318 ipso
1490 2235 1698 2317 nominantur,

542 2345 662 2410 civibus
689 2366 751 2409 non
779 2342 913 2429 amplius
941 2343 1080 2408 sufficere
1108 2351 1286 2431 coeperunt3
1313 2347 1346 2409 τὸ
1369 2344 1524 2432 Τρίγωνον
1558 2349 1620 2412 ἀπὸ
1648 2352 1697 2412 τοί

545 2461 712 2543 σχήματος,
734 2461 770 2520 ut
784 2455 953 2522 Pausanias
975 2457 1070 2533 docet
1093 2494 1134 2504 —
1157 2456 1276 2542 reliqua
1297 2456 1393 2541 igitur
1413 2456 1590 2523 tribunalia
1610 2458 1700 2523 aliam

544 2573 599 2632 aut
620 2566 801 2651 quadratam
828 2573 883 2632 aut
903 2568 1066 2633 rotundam
1088 2569 1132 2653 (v.
1154 2569 1255 2653 Etym.
1279 2568 1321 2633 M.
1343 2591 1367 2633 s.
1389 2569 1518 2653 κιγκλίς)
1548 2570 1702 2657 habebant

522 2681 670 2744 >formam
693 2702 749 2759 —3
777 2680 810 2743 τὸ
833 2679 936 2746 Μέσον
966 2681 1098 2765 donique
1120 2701 1139 2744 a
1160 2680 1224 2745 situ
1251 2686 1306 2744 aut
1332 2680 1413 2745 iuter
1435 2679 1496 2744 duo
1517 2679 1585 2746 alia
1605 2682 1700 2747 tribu·

541 2790 624 2855 nalia
645 2795 701 2855 aut
721 2788 803 2855 inter
824 2791 963 2857 aedificia
984 2812 1097 2857 nomen
1118 2792 1277 2878 acceperit.
1301 2830 1342 2839 —
1372 2793 1519 2878 Superest
1540 2795 1628 2879 apud
1650 2794 1700 2860 Go-

540 2903 657 2967 micum
692 2923 791 2968 unum
818 2903 982 2969 tribunalis
1015 2925 1128 2970 nomen
1155 2902 1329 2989 proprium,
1363 2904 1401 2969 de
1428 2924 1490 2990 quo
1518 2906 1700 2972 scholiastae

540 3014 630 3101 plura
650 3036 683 3081 se
705 3015 782 3081 scire
809 3015 913 3100 aiunt,
944 3036 1000 3081 nee
1027 3016 1130 3082 sciunt
1150 3021 1271 3098 tamen,
1301 3016 1477 3101 ἡἯλιαία.
1521 3017 1562 3083 In
1585 3039 1622 3085 oo
1643 3020 1701 3083 fere

541 3128 719 3198 scholiastae
746 3128 859 3193 sibiet
885 3128 1090 3214 lexicographi
1112 3133 1270 3210 constant,
1298 3134 1335 3194 ut
1361 3128 1533 3193 maximum
1563 3130 1700 3196 tribunal

540 3217 700 3305 Heliaeam
729 3238 913 3325 appellatam
935 3260 1000 3305 esse
1021 3239 1136 3306 dicant.
1180 3242 1227 3305 lta
1249 3240 1342 3306 schol.
1365 3240 1462 3305 Arist.
1483 3241 1540 3326 Eq.
1565 3244 1648 3308 8972
1677 3244 1700 3307 ol

541 3351 686 3437 δικασταὶ]
718 3353 746 3415 οἱ
781 3352 931 3437 ἡλιασταί.
981 3353 1014 3416 τὸ
1050 3353 1126 3439 μέγα
1160 3355 1193 3419 δὲ
1226 3355 1416 3440 δικαστήριον
1447 3354 1477 3417 ἐν
1507 3362 1551 3439 τῇ
1579 3354 1700 3439 Ἀττικῇ

537 3465 663 3530 Ἧλιαία
684 3465 735 3528 καί
750 3465 777 3527 οἱ
793 3465 927 3528 δικασταὶ
941 3465 1083 3549 ἡλιασταί
1088 3491 1096 3529 :
1119 3464 1225 3529 eadem
1241 3464 1328 3529 suid.
1345 3487 1370 3529 s.
1385 3487 1415 3531 v.
1438 3466 1556 3552 ἡλιαία.
1595 3466 1700 3532 Paullo

541 3574 713 3640 accuratius
741 3611 783 3621 -
811 3573 889 3638 illud
917 3575 1001 3639 enim
1022 3576 1173 3642 scholium
1194 3575 1355 3640 Heliaeam
1386 3578 1544 3661 singulare
1566 3579 1701 3644 tribunal

540 3687 646 3769 fuisse,
668 3684 750 3772 quod
771 3685 827 3750 hoc
850 3686 974 3750 nomine
994 3694 1142 3768 uteretur,
1164 3710 1274 3775 parum
1296 3688 1429 3753 dilucide
1450 3696 1567 3770 namet,
1592 3692 1701 3777 quippo

542 3820 638 3885 quum
659 3798 874 3879 iudicumaut
894 3799 1058 3865 universus
1080 3822 1229 3866 numerus
1251 3806 1306 3865 aut
1320 3822 1524 3886 unaquaeque
1545 3823 1620 3887 pars
1640 3803 1700 3869 sivo

542 3911 665 3976 decuria
697 3909 803 3975 eodem
829 3911 896 3974 iure
924 3913 1059 3996 potuerit
1085 3915 1119 3977 τὸ
1151 3914 1227 3999 μέγα
1258 3915 1448 3999 δικαστήριον
1483 3914 1637 3999 appellari
1662 3950 1699 3961 -

541 4024 644 4111 paullo
666 4023 761 4106 igitur
775 4023 956 4105 accuratius,
979 4030 1015 4090 ut
1032 4046 1064 4089 re
1078 4046 1151 4097 vera
1165 4024 1325 4090 Heliaeam
1340 4024 1495 4108 singulare
1512 4025 1590 4109 quid
1610 4026 1700 4091 fuisse

541 4136 715 4222 suspiceris,
738 4134 811 4199 alibi
834 4134 1012 4201 scholiastae
1034 4158 1100 4201 rem
1129 4119 1293 4221 explicant,
1316 4142 1353 4202 ut
1373 4136 1412 4200 ad
1426 4137 1518 4222 Vesp.
1537 4138 1597 4203 88:
1621 4146 1700 4227 φιλη·

542 4248 680 4335 λιαστὴς]
705 4249 768 4314 ἀντὶ
795 4251 850 4312 τοῦ
874 4247 1035 4334 φιλόδικος.
1082 4249 1142 4313 ἀπὸ
1166 4253 1221 4313 τοῦ
1252 4251 1393 4336 μεγίστου
1416 4252 1629 4336 δικαστηρίου,
1650 4257 1700 4335 τῆς

538 4363 680 4434 Ἡλιαίας
701 4361 769 4445 (sio,
792 4360 906 4445 opinor,
930 4380 969 4423 an
993 4362 1185 4447 δικαστηρίου
1207 4367 1262 4446 τῆς
1281 4360 1442 4432 Ἣλιαίαςῖ
1464 4366 1501 4424 ut
1515 4360 1647 4428 Heliaea
1663 4363 1701 4428 sit

543 4496 613 4539 cum
635 4474 775 4541 omnium
790 4472 915 4538 omnino
936 4472 1141 4538 tribunalium
1162 4473 1345 4557 significatio
1366 4479 1435 4538 tum
1457 4472 1583 4539 maioris
1599 4473 1700 4540 ouius·

543 4585 615 4649 dam
642 4587 691 4652 vel
718 4586 848 4653 maximi
881 4606 919 4649 ex
946 4584 1046 4670 his?);
1079 4590 1172 4669 atque
1203 4585 1315 4651 iisdem
1347 4589 1442 4650 forme
1474 4586 1577 4651 verbis
1610 4586 1701 4654 schol.
