4484 5467
952 611 1148 673 εοπκεε
1569 621 1631 687 327

597 816 601 822 ·
627 789 656 851 οἳ
675 790 748 861 τοὺς
769 791 899 877 πατέρας
920 790 950 854 τ’
975 790 1074 878 ἦγχον
1096 791 1214 877 νύκτωρ
1235 793 1285 856 καὶ
1307 791 1379 861 τοὺς
1400 795 1546 863 πάππους
1561 795 1629 858 ἀπέ

1298 928 1411 987 πνιγον,

626 1014 873 1100 κατακλινόμενοί
895 1015 923 1079 τ’
948 1017 997 1079 ἐπὶ
1025 1019 1090 1085 ταῖς
1119 1017 1232 1085 κοίταις
1254 1017 1302 1079 ἐπὶ
1322 1022 1415 1080 τοῖσιν
1438 1019 1628 1103 ἀπράγμοσιν

1296 1129 1382 1211 ὑμῶν

626 1241 820 1324 ἀντωμοσίας
841 1242 892 1304 καῖ
913 1241 1114 1324 προσκλήσεις
1135 1242 1185 1303 καὶ
1208 1241 1373 1325 μαρτυρίας
1388 1240 1588 1306 συνεκόλλων.

628 1352 703 1415 ὥστ’
721 1354 878 1437 ἀναπηδᾶν
900 1353 1108 1436 δειμαίνοντας
1130 1351 1265 1422 πολλοὺς
1287 1354 1329 1421 ὥς
1351 1354 1402 1417 τδν
1425 1354 1629 1442 πολέμαρχον.

627 1462 740 1528 τοιόνδ’
764 1464 899 1550 εὑρόντες
921 1465 1110 1540 ἀλεξίκακον,
1132 1469 1188 1547 τῆς
1213 1465 1318 1549 χώρας
1345 1467 1440 1549 τῆσδε
1467 1467 1631 1552 καθαρτήν.

625 1575 748 1662 πέρυσιν
778 1578 1006 1663 καταπρούδοτε
1037 1579 1224 1647 καινοτάταις
1258 1578 1409 1662 σπείραντ’
1445 1578 1536 1642 αὐτὸν
1570 1582 1629 1642 δια-

1297 1690 1403 1766 νοίαις,

471 1816 536 1867 loro
628 1801 663 1869 ἃς
686 1800 742 1863 ὑπὸ
765 1806 819 1863 τοῦ
845 1802 887 1885 μὴ
909 1807 1021 1885 γνῶναι
1045 1803 1190 1887 καθαρῶς
1205 1803 1288 1885 ὑμεῖς
1303 1803 1461 1887 ἐποιήσατ’
1479 1806 1630 1874 ἀναλδεῖς·

626 1913 722 1975 καίτοι
752 1912 888 1976 σπένδων
916 1913 1000 1977 πόλλ’
1030 1915 1079 1977 ἐπὶ
1108 1919 1233 1983 πολλοῖς
1257 1912 1381 1999 ὄμνυσιν
1403 1918 1453 1980 τδν
1475 1915 1629 1982 Διόνυσον.

501 2188 525 2221 ν.
541 2170 616 2223 1040.
653 2169 726 2239 υμῶν
745 2171 776 2224 R.
794 2170 879 2239 vulgo.
897 2170 973 2239 ἡμῶν
992 2169 1049 2222 Ald.
1068 2169 1137 2223 Crat.

501 2273 524 2307 ν.
541 2256 617 2309 1043.
652 2256 743 2309 τοιόνδ’
766 2259 796 2310 R.
814 2258 898 2326 vulgo.
917 2256 1057 2310 τοιοῦτονδ’
1075 2257 1107 2309 V.
1126 2273 1177 2310 sec.
1195 2254 1275 2311 Beki.

572 2373 606 2381 —
624 2343 755 2416 καθάρτιγν
776 2345 832 2399 Ald.
850 2345 916 2398 lunt.
935 2342 1067 2415 καθαρτήν
1085 2345 1161 2398 Kusr.
1178 2344 1276 2413 reliqui.

500 2448 524 2483 ν.
541 2430 615 2483 1044.
658 2432 787 2503 σπείραντ’
811 2432 842 2485 R.
863 2432 942 2485 Beki.
970 2432 1045 2484 Dino.
1070 2431 1162 2499 Bergk.
1194 2431 1322 2505 σπαίροντ’
1355 2431 1384 2483 λ’.
1417 2432 1538 2502 σπείραντ’
1572 2433 1626 2485 ilo.

538 2515 612 2567 Kust.
631 2514 699 2567 Crat.
719 2515 829 2569 Brrrnok.
846 2517 900 2569 Inv.
919 2516 1018 2569 Hirsch.
1036 2544 1070 2552 -
1089 2516 1202 2587 σπέροντ’
1224 2512 1252 2571 Δ.
1270 2516 1336 2569 lunt.
1354 2516 1420 2569 luni.
1441 2517 1514 2569 1540,
1544 2537 1626 2569 καινο-

536 2603 633 2655 τάτοισι
656 2602 764 2676 παρόντ’
787 2608 887 2672 praeter
913 2602 1035 2676 σπείραντ’
1056 2618 1163 2672 propon.
1188 2604 1227 2658 Fl.
1247 2604 1305 2658 Chr.
1334 2603 1411 2657 αὑτὸν
1428 2605 1513 2673 vulgo.
1549 2605 1627 2675 αὐτὴν

500 2791 524 2826 ν.
536 2688 616 2826 [liiii.
634 2688 777 2826 ’διῐδλιλδῖσιν
796 2773 854 2828 Ald.
874 2774 941 2827 lunt.
959 2775 1036 2827 Kust.
1071 2772 1174 2832 πολλοῖς
1192 2774 1266 2828 codd.
1285 2776 1392 2828 Porson.
1410 2774 1508 2844 reliqui.

465 2991 576 3053 Noster,
594 2986 718 3041 cecidisse
736 2986 847 3040 fabulam
865 2990 1024 3057 proponebat
1124 3005 1148 3040 ν.
1168 2986 1243 3041 1042.
1278 2985 1423 3057 ἀναπηδᾶνε
1447 3004 1461 3039 e
1479 2989 1545 3042 locro
1563 3008 1628 3044 soni-

464 3077 493 3131 C.
510 3077 540 3129 F.
558 3075 645 3128 Herm.
663 3074 695 3126 do
712 3074 811 3127 iniuriis
828 3077 877 3128 etc.
894 3091 920 3143 p.
938 3074 977 3128 l2.
1074 3090 1166 3143 noque,
1180 3072 1391 3141 quemadmodum
1402 3074 1535 3127 insomniis
1545 3081 1628 3131 vexati

516 3180 542 3216 ν.
551 3161 626 3216 1039.
644 3160 922 3233 ἠγχονιεοθυλδιάτὸν
930 3161 1025 3234 ἥττονα
1074 3161 1180 3215 faciunt.
1203 3188 1236 3196 -
1259 3158 1434 3232 πολέμαρχονι
1457 3160 1536 3213 schol.
1555 3191 1588 3199 —
1607 3165 1629 3215 ο1

464 3250 553 3320 λόγον,
569 3248 613 3301 τὸν
631 3247 795 3321 πατραλοίαν.
823 3246 841 3320 ἢ
859 3247 899 3302 διὰ
916 3247 961 3301 τὸν
979 3246 1020 3301 ὑπ’
1074 3243 1193 3319 βοηθείας
1206 3245 1319 3313 δεόμενοι
1337 3244 1421 3311 (ξένοι)
1433 3246 1473 3299 ἐπὶ
1484 3248 1530 3315 rip
1545 3248 1626 3320 ἀρχὴν

464 3336 546 3389 αὐτοῦ
564 3330 833 3408 πέρυσιντίσαχθέντα
855 3334 881 3386 έν
900 3328 1025 3407 Νεφέλαις
1073 3334 1229 3406 κατέφευγον
1247 3335 1293 3385 τοῦ
1311 3332 1485 3405 πολεμάρχου.
1507 3332 1627 3386 ἀλλὰκαὶ

465 3423 595 3477 τύπτοντα
611 3421 656 3475 τὸν
675 3421 770 3493 πατέρα
788 3419 874 3475 αὺτοῦ.
1075 3420 1098 3471 οἱ
1132 3422 1331 3492 κατηγοροῦντες
1360 3420 1454 3489 γονέων
1488 3420 1627 3478 κακώσεως

519 3526 545 3563 ν.
565 3508 639 3562 1040.
668 3506 892 3576 κατακλινόμενοι
904 3511 1024 3577 tanquam
1074 3505 1138 3577 πρὸς
1149 3505 1194 3558 τὸν
1207 3505 1368 3580 πολέμαρχον
1382 3505 1524 3567 ἐδικάζοντο
1543 3507 1627 3558 κάκεῖ·

467 3597 556 3649 incubi
573 3596 600 3647 in
618 3594 759 3658 cubilibus,
781 3594 798 3647 i.
816 3610 838 3647 ε.
856 3594 882 3646 1ο
900 3593 1024 3647 dormien—
1074 3611 1116 3650 νος
1141 3591 1242 3663 ἔκρινεν.
1273 3591 1310 3646 of.
1329 3591 1444 3645 Schoem.
1470 3593 1522 3645 Atr.
1541 3592 1582 3646 Pr.
1602 3610 1627 3661 p.

467 3685 538 3737 tibus
556 3683 715 3735 incubantes.
1075 3678 1125 3731 287
1143 3693 1198 3747 sqq.

520 3770 663 3841 ἀπράγμων
678 3766 822 3839 ετρέμων
835 3766 868 3818 τά
879 3766 1023 3839 πράγματα,
1126 3781 1149 3816 ν.
1170 3763 1244 3817 1043.
1274 3762 1430 3826 ἀλεξίκακον.
1458 3765 1627 3820 Νυείοτίυυο-

467 3858 551 3909 litium
570 3870 643 3919 osor,
670 3857 698 3905 ut
720 3852 805 3921 Equit.
829 3851 888 3905 265.
927 3851 956 3904 In
974 3851 1022 3907 Αν.
1074 3866 1183 3920 gnomen
1204 3852 1305 3920 epicum
1323 3852 1352 3905 Il.
1373 3851 1412 3916 10,
1430 3851 1472 3906 20.
1503 3854 1627 3907 Mercurio

466 3944 500 3995 44
518 3939 772 4013 τόποςάπράγμων,
793 3938 865 3992 loous
887 3937 919 3991 ab
937 3937 1024 3990 litibus
1073 3938 1182 3990 inditum
1199 3937 1259 3991 Pao.
1277 3938 1336 3991 422.

466 4045 571 4083 vacuum
602 4020 645 4081 Cf.
664 4024 844 4098 ἀπραγμοσύνη
862 4025 929 4077 Nub.
951 4024 1024 4077 1007.
1125 4040 1148 4076 ν.
1170 4024 1244 4077 1044.
1271 4026 1369 4097 πέρυσιε
1388 4026 1467 4079 schol.
1488 4024 1525 4078 ὅτι
1542 4027 1627 4097 πέρυσι

479 4113 482 4117 ’
518 4132 543 4169 ν.
568 4115 643 4168 1041.
684 4112 852 4182 ἀντωμοσίας.
882 4111 920 4163 Do
942 4110 1024 4164 litium
1075 4108 1175 4171 διδάξας
1197 4110 1243 4169 τὰς
1261 4110 1364 4185 πρώτας
1381 4107 1498 4184 Νεφέλας
1517 4110 1626 4183 ἡττήθη.

466 4197 695 4255 contestationibus
713 4199 762 4252 rid.
776 4198 891 4251 Schoem.
912 4197 964 4250 Att.
983 4196 1023 4251 Pr.
1074 4198 1176 4269 περιττὴ
1200 4196 1227 4250 δὲ
1249 4197 1266 4267 ἡ
1286 4200 1360 4251 κατά.
1396 4198 1434 4252 Cf.
1457 4195 1488 4252 B.
1507 4199 1538 4252 11.
1558 4200 1585 4250 G.
1604 4198 1624 4249 11

466 4305 491 4357 p.
510 4288 562 4341 624
585 4302 624 4355 sq.
647 4286 679 4338 de
701 4285 875 4348 citationib1m‚
897 4281 1022 4356 προσκλή-
1073 4302 1099 4353 p.
1114 4284 1188 4338 1105.
1207 4284 1309 4352 (Bergk.
1328 4284 1383 4337 Rel.
1402 4284 1429 4337 G.
1448 4302 1473 4354 p.
1486 4283 1543 4336 269.
1557 4284 1625 4347 411.)

465 4392 538 4438 σεσιν,
555 4372 633 4427 eund.
651 4373 669 4425 l.
682 4373 699 4425 l.
716 4388 743 4440 p.
762 4370 812 4424 576
830 4386 884 4439 sqq.
903 4369 935 4421 de
951 4370 1023 4422 testi·
1124 4388 1148 4425 v.
1163 4370 1236 4425 1045.
1267 4369 1394 4429 ἀναλδεῖςι
1413 4370 1625 4432 semimortuam,

464 4462 564 4526 moniis,
584 4458 741 4532 μαρτυρίαις,
753 4458 770 4510 1.
783 4458 800 4510 l.
812 4473 838 4525 p.
852 4456 902 4509 665
914 4471 969 4524 sqq.
988 4483 1020 4492 -
1072 4452 1191 4518 ἀσθενὲῖς,
1210 4455 1241 4509 R.
1259 4455 1370 4529 ἀφανεῖς,
1388 4455 1471 4528 Ειγράς.

466 4545 637 4609 συνεκόλλων,
651 4543 868 4613 conglutinamini,
882 4541 1021 4613 συγκολλη-
1123 4559 1146 4594 ν.
1167 4540 1242 4594 1046.
1274 4542 1370 4595 Εοάεια
1387 4543 1440 4595 fere
1457 4540 1625 4595 1111166510

464 4636 508 4705 τὴς
525 4632 631 4708 ψευδῶν
650 4632 717 4686 Nub.
735 4632 794 4685 446.
1072 4632 1098 4680 ei
1115 4626 1257 4698 522-252
1276 4627 1320 4682 τὸν
1339 4625 1459 4682 Διόνυσον
1477 4626 1521 4681 τὸν
1540 4625 1625 4700 έκθρέ·
