4484 5467
994 614 1190 673 ΣΦΗΚΕΣ

719 793 744 855 ὦ
768 791 853 862 πόλις
875 793 925 856 καὶ
948 790 1083 876 Θεώροιο
1106 790 1293 876 θεοσεχθρία

717 905 767 970 κεῖ
784 903 834 977 τις
850 904 942 974 ἄλλος
964 903 1147 989 προέστηκεν
1171 904 1256 988 ὑμῶν
1278 903 1382 977 κόλαξ.

1011 1025 1168 1083 ΞΑΝΘΙΑΣ.

516 1126 523 1170 ’
663 1128 825 1215 Ἡράκλεις
846 1128 895 1192 καὶ
918 1124 1014 1212 κέντρ’
1042 1124 1175 1212 ἔχουσιν.
1214 1126 1272 1212 οὐχ
1296 1128 1367 1212 ὁρᾷς
1391 1127 1417 1189 ὦ
1440 1127 1585 1209 biduom

972 1250 1210 1308 ΒΔΕΛΥΚΛΕΩΝ.

668 1352 714 1423 οἷς
735 1348 766 1436 γ’
792 1351 952 1416 ἀπώλεσαν
977 1350 1127 1415 Φίλιππον
1150 1350 1180 1413 ἐν
1204 1351 1272 1434 δίκῃ
1296 1353 1346 1416 τὸν
1368 1350 1507 1437 Γοργίου.

567 1618 659 1692 &orem
678 1625 795 1700 ἐμφανής
812 1644 847 1696 γε.
882 1624 966 1694 Vulgo
983 1623 1149 1694 Bdelycleoni
1166 1625 1332 1690 tribuebatur,
1351 1626 1429 1680 choro
1451 1626 1576 1681 dederunt
1592 1627 1670 1682 Bent-

570 1706 645 1766 leius
666 1716 693 1765 et
714 1712 884 1781 Tyrmhittns,
910 1715 1061 1781 receperunt
1082 1711 1183 1764 demum
1206 1712 1281 1767 Dind.
1303 1713 1402 1766 Hirsch.
1425 1711 1518 1781 Bergk.
1541 1713 1672 1768 Dobreous

573 1798 659 1852 verba
676 1794 910 1870 ὡς-μιθήσομαι
930 1795 1108 1867 Bdelycleoni,
1130 1800 1211 1850 ταῦτα
1222 1795 1395 1871 -ἐρρανής;
1422 1799 1577 1853 Philocleoni
1595 1801 1672 1865 dedit,

577 1900 735 1955 quamquam
752 1885 906 1939 dubitanter.

532 1974 566 2019 V·
580 1971 641 2026 418.
677 1970 782 2026 ὧπίλι
802 1970 835 2025 V.
857 1986 907 2024 sec.
931 1969 992 2024 Gob.
1015 1975 1041 2023 et
1063 1969 1156 2039 Bergk.
1174 1975 1255 2024 metro
1272 1975 1438 2040 repugnante.
1473 1971 1543 2025 Idem
1561 1972 1584 2025 ὦ
1601 1973 1673 2032 πόλις

582 2058 685 2112 Thesm.
704 2057 763 2113 839.

615 2145 650 2198 ib.
688 2140 747 2203 θεὸς
774 2140 863 2217 ἐχθρίοι
883 2144 916 2198 R.
937 2143 969 2195 V.
1013 2139 1148 2217 θιοιχθρία
1175 2140 1203 2197 Δ.
1245 2140 1394 2218 θιοσεχθρία
1421 2144 1479 2198 Ald.
1505 2143 1572 2198 lunt.
1598 2144 1672 2197 Knst.

583 2230 666 2297 Bergl.
695 2228 806 2284 Brunck.
833 2229 932 2283 Invern.
959 2228 1051 2298 Bergk.
1078 2230 1154 2283 Dind.
1180 2232 1208 2283 in
1233 2230 1383 2296 Oxoniensi3
1413 2226 1568 2304 θεοιςεχθρίσ
1595 2230 1673 2284 Bekk.

582 2316 656 2369 Dind.
673 2317 701 2369 in
719 2316 865 2381 Parisiensi,
883 2315 1008 2384 Hirschig.
1027 2314 1110 2369 Bentl.
1129 2316 1207 2369 Dobr.
1224 2315 1311 2371 Herm,
1334 2315 1395 2369 Cob.
1414 2317 1505 2369 hinem.
1524 2316 1540 2371 l.
1559 2317 1575 2370 l.
1607 2313 1674 2375 θεοῖς

585 2400 673 2476 ἐχθρία
701 2400 732 2456 G.
756 2401 842 2455 Herm.
868 2401 928 2455 Eur.
951 2401 970 2455 Ι.
993 2401 1022 2455 Τ.
1047 2401 1103 2454 192.
1140 2398 1289 2476 θεοσεχθρία
1315 2404 1342 2455 in
1368 2402 1457 2471 fragm.
1486 2402 1609 2471 Archippi
1635 2420 1675 2471 ap.

584 2489 663 2542 schol.
681 2488 760 2556 Vesp.
778 2488 852 2541 Mein.
872 2486 899 2540 G.
917 2486 941 2539 II
957 2503 983 2555 p.
1002 2486 1060 2551 725,
1088 2488 1131 2555 qni
1152 2490 1237 2540 tamen
1260 2489 1286 2541 in
1309 2488 1453 2554 Addendis,
1470 2488 1502 2553 V,
1521 2488 1563 2554 52,
1589 2489 1675 2541 forsan

583 2571 746 2649 θεοσεχθρίαν
773 2578 903 2642 praestare
929 2576 1028 2637 monet3
1055 2574 1096 2636 (ci.
1119 2573 1303 2642 supplementa
1319 2575 1386 2628 Add.
1409 2592 1434 2644 p.
1453 2574 1523 2640 CXI)
1541 2575 1571 2628 G.
1589 2575 1675 2629 Iierm.

581 2663 598 2715 l.
616 2663 643 2727 l.,
666 2661 739 2714 ubter
761 2660 906 2712 constitutis
928 2659 1052 2728 Archippi
1073 2660 1201 2725 versibus,
1223 2658 1314 2714 θεοῖσιν
1339 2659 1428 2735 ἑχθρία
1446 2663 1561 2715 coniecit.
1596 2662 1675 2714 Recte
1735 2650 1739 2658 ’

582 2748 659 2801 Dind.
677 2748 704 2799 in
721 2748 788 2800 notis
807 2746 839 2799 ad
856 2763 889 2810 u,
908 2762 985 2814 quum
1003 2743 1070 2804 θεοῖς
1088 2742 1180 2819 ἐχθρόν
1193 2749 1314 2800 usitatum
1329 2749 1412 2813 fuerit,
1430 2765 1495 2801 nova
1508 2748 1676 2817 componendi

581 2834 682 2887 ratione
703 2828 874 2906 θεοισεχθρίαν
899 2832 993 2886 dictum
1017 2848 1074 2885 esse
1096 2835 1190 2886 censet.
1226 2835 1261 2885 At
1278 2835 1361 2902 possis
1379 2834 1467 2886 etiam:
1492 2832 1601 2907 Θεὼραο
1619 2830 1675 2886 θεο-

582 2916 682 2994 εχθρίοι.
717 2919 832 2986 Dcniqne
849 2918 935 2972 Hotib.
953 2935 978 2987 p.
999 2914 1063 2971 1032
1082 2914 1185 2991 Θεώρου
1203 2917 1230 2970 δὲ
1247 2914 1363 2991 θεοσεχθ.
1399 2916 1467 2978 θεοῖς
1491 2918 1583 2993 ἐχθρὸν
1602 2920 1673 2974 Dcm.

582 3007 640 3079 περὶ
661 3024 685 3058 τ.
707 3022 776 3077 οπερ.
798 3021 822 3073 p.
841 3004 899 3058 241.
918 3004 982 3069 2673
1004 3005 1071 3057 κατὰ
1086 2999 1231 3077 Ἀριστοπρ.
1248 3022 1273 3073 p.
1292 3005 1356 3070 659;
1373 3005 1440 3057 κατὰ
1458 3002 1549 3074 Topos.
1572 3024 1597 3075 p.
1613 3007 1676 3068 701;

583 3092 652 3145 acroi
667 3087 794 3163 Ἀριστον.
811 3108 836 3159 p.
855 3091 914 3144 790.

545 3196 571 3232 v.
584 3179 646 3231 419.
681 3176 753 3246 ὑμῶν
772 3177 856 3245 vulgo.
887 3177 962 3247 ἡμῶν
981 3177 1010 3230 Β.
1029 3178 1098 3247 quod
1115 3179 1205 3247 reponi
1221 3177 1293 3231 iubet
1309 3178 1422 3233 Brunck.
1438 3180 1464 3231 et
1481 3176 1555 3229 Dind.
1574 3175 1675 3243 Bergk,

583 3264 700 3332 reposuit
716 3264 791 3316 Dind.
810 3264 836 3315 in
853 3263 999 3317 Parisiensi.

546 3368 572 3405 ν.
585 3351 646 3403 421.
683 3348 708 3400 ἐν
727 3348 784 3423 δίκῃ
802 3351 848 3401 τοῦ
867 3350 906 3402 νο1
924 3354 956 3423 τῇ
975 3346 1002 3403 Γ.
1020 3350 1058 3404 Fi.
1078 3350 1136 3405 (ihr.

565 3590 590 3629 ν.
608 3570 669 3627 418.
704 3573 741 3627 De
759 3572 858 3627 Theoro
876 3573 927 3626 vid.
945 3572 978 3626 ad
995 3591 1019 3627 v.
1032 3574 1072 3626 42.
1122 3575 1169 3644 τὴν
1199 3575 1360 3648 κατηγορίαν.
1407 3573 1463 3641 Quia
1491 3588 1519 3628 re
1545 3575 1622 3629 schol.
1652 3574 1677 3626 ἐν

566 3678 591 3714 v.
614 3660 674 3712 419.
710 3659 774 3712 Puto
803 3659 876 3729 ιμαν
906 3660 1073 3723 retinendum,
1123 3660 1180 3735 οιιῃ
1198 3662 1264 3714 mare
1275 3662 1455 3730 interpretatus
1471 3645 1510 3714 est
1527 3661 1553 3713 e
1565 3666 1597 3736 τῇ
1613 3660 1679 3734 ιιιῃ,

516 3747 584 3817 quod
619 3744 758 3798 versiculos
788 3746 852 3798 duos
887 3745 1073 3813 spectatoribus
1123 3747 1177 3800 ἀντὶ
1198 3750 1243 3800 τοῦ
1261 3746 1414 3809 δικάζονται
1439 3748 1507 3816 quod
1529 3752 1605 3817 poeta
1621 3763 1679 3816 pro-

516 3834 578 3886 dicit
596 3832 696 3885 chorus.
1124 3832 1166 3886 cul
1189 3834 1265 3886 dnbio
1289 3833 1395 3887 dixisset
1420 3834 1444 3885 ἐν
1463 3834 1495 3907 τῇ
1514 3834 1585 3906 δίκῃ,
1608 3836 1630 3885 si
1649 3834 1679 3884 do

568 3936 593 3971 ν.
613 3917 672 3970 490.
708 3916 746 3969 Cf.
764 3917 863 3985 Proleg.
882 3934 906 3985 p.
925 3915 966 3969 ὅθ.
1127 3934 1204 3972 causa
1220 3921 1277 3987 ipsa
1294 3920 1416 3972 voluisset
1434 3920 1525 3973 dicere.
1558 3916 1603 3971 Ἐν
1622 3918 1679 3989 δίκῃ

566 4022 591 4058 ν.
610 4004 670 4056 421.
703 3999 836 4056 Φίλιππον.
854 4003 892 4055 De
905 4004 952 4054 hoc
964 4005 1075 4070 praeter·
1124 4004 1192 4057 idem
1215 4009 1255 4057 est
1276 4006 1343 4073 quod
1362 4002 1454 4076 ὀρθῶς,
1472 4005 1582 4067 δικαίως,
1603 4004 1679 4070 idque

516 4107 544 4145 ea
568 4090 644 4154 nihil;
668 4092 741 4157 pater
763 4094 803 4141 est
825 4088 947 4156 Gorgias,
971 4087 1002 4140 de
1024 4104 1074 4156 quo
1124 4105 1200 4159 saepe
1218 4091 1320 4145 obvium
1337 4096 1384 4155 est,
1402 4092 1507 4143 utinira
1519 4107 1543 4143 ν.
1556 4088 1614 4142 508.
1632 4088 1679 4155 Eq.

516 4175 595 4230 schol.
623 4173 785 4245 κωμῳδεῖται
817 4173 852 4233 ὡς
879 4172 1004 4247 προδότης
1031 4175 1075 4226 καὶ
1125 4176 1183 4230 258.
1217 4176 1285 4230 Nub.
1317 4176 1390 4230 1332.
1422 4176 1495 4230 1333.
1530 4176 1591 4227 Pac.
1620 4172 1679 4224 (328.

516 4261 651 4333 βάρβαρος.
687 4260 716 4312 [ιι
740 4262 788 4313 Αν.
814 4259 877 4312 1701
903 4262 1075 4312 memorantur
1124 4262 1226 4315 Thesm.
1244 4262 1303 4316 830.
1320 4264 1425 4315 Fatetur
1440 4260 1585 4330 Bdercieo‚
1606 4272 1679 4309 senes

516 4346 617 4421 Γοργίαι
629 4365 656 4399 τε
668 4346 711 4399 καὶ
724 4341 852 4409 Φίλιπποι,
871 4360 934 4413 quos
953 4345 1073 4398 acerrime
1125 4347 1270 4416 Philippum
1287 4349 1340 4401 iure
1359 4348 1554 4407 condemnasse,
1578 4343 1594 4395 i.
1613 4358 1634 4395 e.
1654 4359 1678 4394 a·

516 4435 635 4489 Comicus
654 4434 682 4484 ut
694 4433 842 4500 peregrinos
855 4434 880 4483 et
892 4434 1006 4484 oratores
1019 4446 1075 4498 per·
1125 4433 1203 4486 culeis
1214 4433 1379 4487 interfecisse.
1409 4432 1482 4497 Quod
1493 4430 1608 4500 proxime
1621 4432 1679 4481 ante

516 4521 580 4574 fidos
611 4521 780 4586 loquacesqne
808 4516 964 4585 perstringit.
989 4517 1075 4584 itaque
1125 4517 1237 4570 fabulam
1255 4522 1337 4571 aetam
1354 4520 1468 4571 evenisse
1483 4517 1679 4569 consentaneum

516 4605 621 4680 ηὔξησε,
640 4608 669 4656 ut
687 4604 723 4656 ait
740 4603 827 4667 schol,
850 4606 886 4673 τῷ
911 4598 1074 4674 πληθυντικῷ
1124 4608 1171 4657 est.
1207 4602 1245 4657 Of.
1262 4605 1336 4657 Mein.
1354 4602 1423 4657 Gom.
1440 4603 1465 4656 Π
1480 4619 1506 4673 ρ.
1525 4602 1583 4659 993.
