4484 5467
927 631 971 687 aa
989 630 1101 687 cnoro
1120 632 1304 688 voscorum
1657 638 1698 707 67
1771 698 1775 705 .

535 810 658 875 Verum
679 809 713 872 hi
734 809 862 893 triginta
887 828 941 873 sex
968 828 1074 874 versus
1103 806 1238 893 spatium
1272 808 1434 894 requirunt
1461 830 1610 895 passuum
1638 813 1699 876 lere

537 921 768 1007 quinquaginta
795 926 826 985 et
854 922 1071 1001 ducentorum,
1102 920 1129 982 si
1158 919 1281 1003 quidem
1309 927 1427 1007 septem
1455 942 1563 1007 passus
1584 929 1701 1009 septem

538 1054 650 1100 versus
665 1033 757 1119 pedes
772 1039 921 1119 aequant3
934 1032 988 1097 scd
1004 1033 1174 1116 requirunt,
1197 1032 1231 1095 ni
1245 1032 1342 1112 fallor,
1365 1034 1460 1098 etiam
1474 1034 1586 1119 plures,
1603 1056 1700 1121 quum

538 1163 596 1232 pes
624 1142 818 1211 catalecticus
853 1151 977 1210 octavus
1006 1164 1060 1208 suo
1088 1149 1175 1226 egeat
1201 1144 1347 1229 temporis
1369 1146 1484 1231 spatio,
1512 1167 1568 1211 suo
1595 1148 1700 1233 itaque

540 1280 645 1345 passu.
689 1258 775 1322 Duae
796 1259 892 1342 igitur
913 1258 1046 1323 rationes
1068 1257 1169 1335 sunt,
1184 1254 1316 1340 quarum
1343 1256 1468 1322 alteram
1497 1260 1584 1343 sequi
1613 1261 1700 1325 iube·

539 1392 623 1435 mur.
667 1369 807 1456 Namque
830 1371 939 1436 chorus
962 1374 1017 1434 aut
1039 1368 1182 1432 circuisse
1205 1369 1375 1434 orchestrae
1397 1370 1515 1451 orbem,
1544 1371 1619 1436 dum
1646 1372 1700 1437 hos

541 1482 675 1547 XXXVI
694 1502 799 1547 versus
811 1503 883 1547 cum
905 1482 1008 1568 pueris
1030 1480 1123 1559 canit,
1145 1481 1367 1547 existimandus
1388 1487 1443 1562 est,
1466 1489 1521 1547 aut
1541 1474 1701 1567 aliquoties

541 1593 718 1659 substitisse
739 1593 788 1657 vel
810 1594 854 1657 ita
875 1614 974 1679 saepe,
997 1599 1033 1658 ut
1054 1600 1144 1678 aptus
1166 1612 1311 1657 versuum
1338 1614 1485 1659 numerus
1513 1594 1553 1661 ad
1580 1596 1700 1682 profici·

540 1705 692 1770 scendum
724 1709 810 1769 recta
840 1705 892 1769 via
926 1704 1126 1789 relinquatur.
1180 1705 1242 1768 Iam
1284 1705 1451 1770 verisimile
1483 1711 1543 1786 est,
1574 1708 1700 1773 chorum

542 1817 718 1883 substitisse
740 1816 846 1881 statim
866 1819 935 1901 post
956 1816 1133 1895 introitum,
1156 1836 1217 1900 quc
1238 1818 1433 1902 perspicuum
1460 1818 1560 1898 fieret,
1587 1820 1702 1905 primos

543 1949 652 1996 versus
674 1929 810 2014 quinque
832 1927 913 1992 inter
934 1928 1041 2014 paredi
1061 1928 1193 2013 parietes
1221 1934 1252 1992 et
1280 1928 1416 2014 inceptos
1443 1950 1509 1995 esse
1541 1936 1572 1995 et
1599 1932 1702 1997 finitos

543 2043 601 2121 ita,
622 2037 667 2106 'ut
694 2061 766 2105 cum
794 2045 878 2104 sexto
906 2039 949 2123 (v.
978 2040 1055 2124 235)

653 2150 783 2241 πάρεσθ’
813 2152 829 2215 ὃ
860 2153 896 2236 δὴ
927 2151 1030 2217 laruda
1053 2151 1085 2237 γ’
1111 2151 1157 2217 ἔτ’
1182 2152 1271 2229 ἐστίν,
1294 2154 1436 2219 ἀππαπαῖ
1455 2157 1603 2230 cerardo:

545 2271 627 2331 totus
650 2264 760 2329 chorus
782 2264 816 2328 in
838 2264 992 2328 orchestra
1013 2269 1101 2327 esset.
1145 2263 1263 2329 Rursus
1285 2265 1395 2350 incipit
1416 2266 1554 2350 progredi
1577 2290 1606 2331 v.
1622 2269 1700 2333 2452

545 2379 625 2443 ἀλλὰ
648 2376 836 2463 σπεύδωμεν.
880 2374 941 2439 Sed
961 2376 1087 2439 fortasse
1113 2381 1237 2441 tantum
1265 2384 1353 2462 parat
1380 2378 1534 2464 progredi,
1562 2364 1643 2464 quod
1665 2402 1702 2444 ex

542 2489 646 2554 verbis
668 2488 808 2571 colligere
829 2487 915 2552 licet:
1518 2469 1520 2474 ⁸

787 2601 851 2686 ἅμα
873 2624 905 2665 τε
926 2607 973 2686 τῷ
994 2599 1096 2687 λύχνῳ
1119 2603 1214 2687 πάντη
1238 2604 1461 2689 διασκοπῶμεν.

544 2712 673 2777 Certum
696 2718 750 2791 est,
773 2734 859 2792 eum,
882 2712 936 2777 ubi
964 2733 1040 2797 puer
1061 2711 1172 2797 incipit
1191 2713 1290 2798 loqui,
1318 2714 1456 2800 progredi
1483 2714 1623 2800 protinus
1650 2714 1702 2779 de·

539 2825 642 2889 siisse.
687 2824 791 2890 Finita
819 2847 889 2890 cum
916 2825 1020 2910 pueris
1049 2824 1245 2889 altercatione
1271 2826 1397 2891 tandem
1424 2846 1515 2891 versu
1544 2828 1619 2892 259*
1633 2848 1703 2914 pro·

539 2957 729 3019 gressurum
755 2957 787 3001 se
809 2959 874 3002 esse
897 2936 1038 3021 ostendit.
1081 2936 1147 3000 Hac
1173 2936 1268 3018 igitur
1294 2938 1518 3024 computatione
1545 2940 1584 3003 ad
1613 2941 1704 3026 quin·

542 3051 645 3114 decim
674 3070 781 3114 versus
810 3049 858 3113 vel
887 3049 927 3113 ad
954 3054 1077 3113 centum
1105 3048 1241 3133 quinque
1269 3069 1392 3134 passus,
1422 3050 1516 3115 immo
1536 3051 1564 3114 si
1585 3052 1701 3137 primos

544 3182 655 3227 versus
684 3161 892 3243 seiungamus,
916 3160 954 3224 ad
976 3160 1171 3246 septuaginta
1191 3179 1299 3246 passus
1319 3161 1419 3240 rediit,
1442 3162 1522 3246 quod
1544 3169 1635 3227 antea
1654 3166 1703 3230 ni·
1785 3180 1788 3186 '

539 3274 644 3338 mium
666 3279 739 3336 erat.
786 3273 872 3350 Quod
895 3273 1009 3359 optime
1024 3268 1201 3336 conueniret
1215 3294 1286 3337 cum
1300 3273 1513 3357 magnitudine
1534 3275 1703 3340 orchestrae

541 3364 833 3463 eiusvediametro,
857 3384 1075 3469 modopassus
1098 3404 1209 3449 senum
1228 3385 1356 3470 pusillos
1378 3386 1472 3451 fuisse
1487 3386 1628 3472 accipias.
1660 3388 1704 3452 Aa

540 3496 658 3562 dixerit
680 3496 850 3581 quispiam,
878 3502 954 3561 tune
983 3488 1109 3561 chorum
1138 3498 1171 3561 in
1199 3497 1268 3582 ipsa
1289 3499 1350 3562 fere
1378 3499 1484 3585 parodi
1511 3498 1564 3563 via
1583 3499 1704 3565 tamdiu

540 3614 698 3675 moratum
724 3629 788 3672 esse
809 3607 920 3693 putas?
949 3609 1008 3672 Cui
1031 3630 1100 3693 ego:
1130 3630 1218 3673 senes
1244 3611 1343 3693 cogita
1370 3611 1483 3697 ubique
1511 3612 1705 3693 haesitantes,

540 3725 676 3798 stantes,
708 3715 862 3803 garrulos,
891 3727 927 3786 ut
954 3742 1064 3786 senum
1094 3722 1153 3786 sert
1180 3722 1380 3803 consuetudo,
1409 3729 1459 3803 ut,
1488 3725 1610 3808 quando
1631 3722 1706 3810 quid

540 3832 702 3897 narraturi
724 3833 796 3914 sint,
819 3832 996 3897 subsistant.

632 3944 697 4008 VII.
742 3943 802 4008 Sed
825 3966 889 4028 qua*
906 3946 1033 4010 tandem
1054 3946 1106 4010 via
1128 3942 1356 4029 ingrediebatur
1378 3949 1501 4028 chorus,
1530 3940 1623 4034 qnam
1652 3949 1705 4014 alii

541 4055 742 4135 orchestram,
765 4056 819 4120 alii
841 4057 1010 4140 thymelem
1038 4056 1186 4143 appellari
1212 4058 1329 4123 iubent.
1373 4060 1516 4137 Quaestio
1544 4062 1619 4126 satis
1645 4062 1705 4125 im-

540 4168 664 4258 pedita,
694 4168 788 4233 etiam
815 4175 883 4255 post
911 4169 1071 4234 Wieseleri
1100 4191 1188 4235 curas
1218 4170 1331 4254 (Veber
1364 4172 1393 4235 d.
1417 4172 1564 4256 Thymele
1587 4175 1639 4238 des
1662 4192 1705 4255 gr.

541 4283 602 4349 Th.
629 4280 735 4365 1847).
780 4281 877 4358 Quem
899 4281 933 4345 in
956 4302 990 4345 eo
1017 4282 1152 4345 maxime
1179 4303 1293 4347 errasse
1316 4284 1510 4363 crediderim,
1542 4285 1623 4369 quod
1651 4304 1706 4349 no·

541 4415 618 4461 vam
641 4392 728 4457 verbi
750 4394 871 4479 θυμέλη
895 4393 1149 4476 significationem
1171 4395 1368 4480 probaturus,
1391 4396 1551 4480 antiquam
1579 4416 1707 4480 eamque

542 4506 624 4574 satis
649 4504 791 4569 omnibus
813 4506 972 4591 probatam
1000 4527 1125 4592 prorsus
1152 4509 1278 4595 respuit.
1321 4508 1427 4592 Neque
1454 4514 1556 4571 tamen
1583 4508 1707 4591 gravius

540 4618 760 4688 testimonium
782 4617 888 4681 afferre
910 4617 1001 4697 valet,
1025 4619 1119 4702 quam
1140 4618 1284 4685 Pratinae
1306 4621 1395 4686 illum
1418 4642 1541 4686 versum
1556 4660 1597 4669 -
1612 4626 1707 4687 πολυ-

1464 4724 1480 4779 5
1488 4723 1500 4750 1
