4484 5467
551 646 592 710 94
930 634 1118 691 rnonnoon.
1153 634 1266 690 csrvr
1283 635 1320 690 ιν
1454 649 1456 659 ·

550 805 675 883 ένασδεν
704 812 725 877 i.
748 833 773 878 e.
802 812 841 877 ad
867 810 924 875 hoo
944 829 1041 894 usque
1062 814 1191 894 tempus¹
1211 808 1348 874 nondum
1376 806 1480 896 plures
1508 807 1630 877 iudices
1650 809 1698 878 hs-

551 928 690 993 hitabant
710 911 789 991 hanc
811 931 933 1005 terram,
955 919 1097 986 videlicet
1118 920 1263 1000 Atticam,
1286 941 1383 1005 quum
1396 923 1508 987 urbem
1522 927 1595 988 tum
1609 943 1697 1009 agros.

549 1039 614 1103 lam
636 1060 732 1124 quum
754 1039 791 1103 de
813 1055 940 1101 numero
961 1031 1099 1099 iudicum
1120 1038 1253 1116 constet,
1275 1034 1447 1118 quaeritur,
1469 1040 1567 1119 quota
1589 1037 1698 1103 civium

549 1152 642 1217 fuerit
668 1172 747 1237 pars.
796 1150 898 1233 Atque
930 1145 1151 1231 Aristophanes
1182 1144 1217 1209 in
1248 1146 1357 1231 Vespis
1386 1148 1469 1211 1010
1497 1145 1697 1213 Athenienses

549 1262 730 1349 alloquiturz
755 1262 780 1324 ῶ
805 1263 946 1348 μυριάδες
968 1258 1177 1346 ἀναρίθμητοι,
1198 1256 1233 1321 in
1246 1255 1565 1324 Ecclesiazusis1132
1589 1254 1697 1326 civium

548 1375 680 1461 amplius
701 1373 829 1457 triginta
850 1370 937 1435 milia
958 1370 1053 1435 luisse
1074 1370 1220 1454 legimus,
1249 1358 1283 1435 ih
1310 1370 1419 1458 Vespis
1448 1371 1511 1436 706
1538 1369 1696 1457 Bdelycleo

547 1491 715 1572 computat:

612 1599 683 1663 εἰσίν
706 1622 741 1683 γε
762 1595 863 1666 πόλεις
883 1596 987 1682 χίλιαι,
1009 1595 1040 1659 αἳ
1062 1598 1113 1658 νῦν
1137 1594 1186 1659 τὸν
1210 1594 1302 1681 φόρον
1326 1598 1400 1681 ἡμῖν
1423 1597 1609 1681 ἀπάγουσιν,

611 1709 724 1775 τούτων
748 1710 857 1773 εἴκοσιν
880 1706 990 1794 ἄνδρας
1013 1706 1129 1794 βόσκειν
1152 1706 1241 1778 εἴτις
1263 1707 1442 1794 προσέταξεν
1465 1709 1595 1794 ἑκάστῃ,

611 1822 665 1887 δύο
691 1823 831 1908 μυριάδες
852 1823 912 1884 τῶν
936 1821 1105 1905 δημοτικῶν
1131 1816 1209 1892 ἔζων
1233 1819 1263 1884 ἐν
1286 1823 1358 1884 πᾶσι
1380 1818 1529 1906 turpiore:

547 1955 677 2020 eumque
700 1933 737 1997 de
759 1931 871 2016 viginti
893 1930 1019 1996 milibus
1034 1929 1150 1995 civium
1163 1930 1320 2015 cogitasse,
1342 1923 1465 2014 versus,¹
1479 1931 1536 2015 qui
1549 1933 1696 2017 sequitur,

546 2050 607 2113 711
632 2046 819 2134 comprobat:

609 2165 662 2227 νῦν
687 2158 716 2225 δ’
740 2159 842 2244 ὥσπερ
864 2155 1024 2240 ἐλαολόγοι
1045 2155 1178 2242 χωρεῖθ’
1203 2155 1267 2242 ἅμα
1289 2164 1334 2243 τῷ
1348 2158 1397 2222 τδν
1417 2158 1526 2243 μισδδν
1544 2156 1658 2246 ἔχοντι.

545 2270 745 2338 Verisimile
772 2273 833 2350 est,
866 2289 926 2353 quo
959 2273 1093 2351 tempore
1127 2273 1195 2331 ecte
1222 2273 1269 2331 est
1289 2268 1460 2353 vesparum
1486 2270 1610 2353 fabula,
1637 2270 1695 2333 iere

545 2383 657 2469 viginti
678 2382 766 2447 milia
786 2379 901 2446 civium
922 2378 1054 2445 Athenis
1075 2377 1200 2462 vixisse,
1222 2380 1304 2444 sicut
1317 2365 1695 2447 Ecclesiazusarumtem-

544 2518 627 2582 pore,
648 2516 746 2580 quum
768 2514 816 2557 res
838 2491 1076 2556 Atheniensium
1097 2492 1202 2575 augeri
1224 2494 1401 2580 coepissent,
1423 2493 1552 2577 triginta
1574 2493 1695 2559 milium

544 2628 691 2673 numerus
719 2604 840 2692 probari
866 2608 978 2690 potest,
1007 2603 1068 2668 uisi
1095 2603 1185 2668 malis
1212 2612 1416 2691 spectatorum
1448 2627 1617 2697 numerum
1648 2603 1693 2671 in-

544 2719 658 2804 telligi,
687 2739 758 2782 oum
779 2716 934 2782 Platonico
962 2715 1015 2780 illc
1042 2715 1075 2779 in
1098 2714 1256 2802 Symposio
1278 2717 1525 2804 comparandum.
1569 2717 1695 2783 Accedit

544 2830 625 2916 quod
652 2829 802 2894 Bocchhio
829 2827 961 2892 Staatsh.
984 2829 1007 2906 1,
1031 2828 1070 2892 36
1099 2849 1161 2893 non
1188 2829 1342 2914 probatur.
1386 2832 1429 2895 At
1455 2829 1538 2895 idem
1564 2837 1694 2898 testatur

543 2941 705 3008 scholiasta
731 2942 821 3027 Vesp.
849 2940 911 3005 708
939 2938 1142 3004 Demosthene
1168 2946 1304 3005 auctore:
1339 2944 1372 3008 ἐκ
1400 2921 1543 3010 πολλῶν
1557 2947 1693 3036 φαίντται

543 3058 610 3143 περὶ
630 3059 775 3121 τοσοῦτον
799 3053 927 3141 ἀριθμὸν
957 3053 990 3116 τδ
1016 3041 1188 3139 Ἀθηναίων
1217 3054 1338 3140 πλῆθος
1365 3053 1692 3143 προίστασθαι”(-ἐν

541 3178 583 3254 τῇ
610 3166 796 3255 ἐκκλησίᾳῗ).
829 3167 878 3230 καὶ
899 3163 1098 3251 Δημοσθένης
1130 3167 1187 3252 γάρ
1220 3189 1324 3253 φησιν·
1356 3165 1445 3251 (κατὰ
1475 3157 1629 3256 Ἀριστογζ
1662 3167 1689 3236 α’

542 3282 604 3346 785
619 3281 671 3365 R.)
692 3281 762 3345 εἰσὶν
788 3280 868 3365 ὁμοῶ
892 3276 1041 3362 δισμύριοι
1063 3277 1171 3346 πάντες
1190 3274 1358 3363 Ἀθηναῖοι.
1402 3277 1449 3343 Ibi
1471 3277 1557 3344 addit
1579 3288 1692 3347 orator:

540 3396 654 3459 τούτων
683 3394 808 3461 ἕκαστος
835 3390 867 3454 ἓν
896 3388 931 3473 γέ
957 3414 983 3453 τι
1012 3392 1148 3476 πράττων
1182 3390 1257 3454 κατὰ
1283 3390 1337 3475 τὴν
1366 3389 1487 3478 ἀγορὰν
1505 3379 1691 3483 περιέρχεται

540 3507 608 3593 ἤτοι
631 3507 667 3591 νὴ
691 3506 741 3569 τδν
758 3501 913 3590 Ἡρακλέα
934 3504 993 3568 τῶν
1015 3506 1124 3567 κοινῶν
1146 3502 1166 3588 ἢ
1189 3506 1248 3568 τῶν
1265 3493 1357 3567 ἰδίων.
1402 3501 1514 3600 Contra
1528 3497 1692 3572 scholiasta

540 3617 631 3704 Vesp.
654 3615 716 3680 718
739 3636 777 3679 ex
799 3612 977 3678 Philochoro
999 3613 1151 3698 (Atthidis
1171 3614 1193 3677 l.
1215 3611 1266 3692 IV,
1289 3611 1427 3677 Muelleri
1449 3611 1555 3697 fragm.
1586 3617 1692 3684 histor.

540 3748 583 3809 gr.
605 3727 629 3807 I,
652 3727 729 3811 398)
762 3726 858 3791 alium
885 3746 1015 3810 eumque
1042 3726 1193 3791 minorem
1220 3742 1383 3791 numerum
1416 3721 1516 3809 affert,
1551 3725 1589 3793 de
1623 3752 1715 3817 quo„

540 3859 636 3923 quum
657 3838 782 3923 longum
802 3839 843 3903 sit
862 3828 1035 3904 Philochorl
1055 3840 1148 3905 verba
1162 3831 1340 3922 adscribere,
1357 3819 1691 3932 'praeteh'Siehe'lis'ium

539 3950 579 4016 ad
599 3935 706 4034 fragm.
728 3950 807 4016 Phil.
829 3957 860 4015 et
880 3950 1073 4016 Dindorfium
1096 3952 1135 4016 ad
1157 3951 1248 4017 schol.
1271 3953 1325 4017 Ar.
1345 3939 1621 4032 videlBoeckhiuih
1635 3954 1655 4018 l.
1670 3954 1689 4018 l.

538 4063 691 4129 Ponamus
719 4063 828 4147 igitur,
857 4063 977 4129 saeculo
1004 4062 1058 4128 illc
1084 4064 1156 4145 inde
1185 4064 1339 4142 aPeriele
1366 4051 1397 4129 et
1418 4049 1625 4149 Aristophone
1652 4065 1689 4131 ad

537 4175 773 4242 Demosthenem
794 4197 890 4262 usque
912 4183 943 4241 et
963 4175 1166 4259 Menandrum
1188 4198 1352 4241 numerum
1374 4175 1476 4252 fuisse*
1489 4175 1608 4242 'cisium
1629 4179 1689 4242 iere

537 4288 649 4374 viginti
676 4287 771 4352 milia.
815 4289 880 4352 Iam
908 4289 1050 4355 novimus
1078 4289 1205 4355 iuvenes
1232 4296 1300 4375 post
1325 4295 1482 4375 peractum
1503 4273 1688 4373 trigesimum

537 4402 645 4469 aetatis
666 4405 784 4466 annum
806 4401 839 4464 in
860 4401 974 4466 tabulis
995 4400 1206 4466 ecclesiasticis
1227 4422 1374 4487 pagorum
1387 4390 1688 4490 suorum'inseriptos

537 4512 669 4577 comitiis
695 4513 840 4578 interesse
869 4513 933 4579 sive
960 4513 1153 4604 comitiorum
1180 4514 1247 4579 iure
1274 4513 1334 4579 itui
1353 4511 1515 4601 'coepisse'ss'
1542 4504 1685 4583 novimus

536 4624 656 4688 eosdem
687 4632 756 4710 post
782 4626 972 4690 tricesimum
1004 4628 1112 4692 aetatis
1146 4647 1263 4692 annum
1295 4627 1410 4692 iudices
1442 4628 1509 4691 fieri
1536 4623 1685 4714 'potuisse
