4484 5467
651 604 697 657 Du
715 604 884 683 IVDIGIBVS
903 607 1160 663 ATHENIENSIVM
1177 612 1357 679 REBVSQVE
1374 615 1602 673 IVDICIAHBVS
1644 624 1704 686 167

539 774 679 855 tionem3
701 780 737 841 ut
757 797 829 841 vero
851 798 888 840 ex
911 777 1079 843 oratoribus
1101 780 1252 858 novimus,
1275 781 1309 845 in
1324 783 1426 847 media
1440 787 1584 870 oratione,
1608 813 1705 875 quum

540 892 649 954 orator
676 887 776 970 iubet,
806 888 965 963 citantur„
1000 889 1083 953 Dum
1111 890 1145 953 hi
1174 892 1357 971 audiuntur,
1381 895 1473 959 iudex
1496 899 1590 964 etiam
1611 908 1704 987 atque

541 999 643 1065 etiam
669 999 787 1064 matula
812 1000 921 1064 utitur.
964 1000 1102 1065 Fortasse
1131 1002 1228 1085 igitur
1255 1004 1372 1068 iudices
1397 1012 1491 1071 testes
1513 1011 1620 1075 audire
1641 1035 1703 1078 non

524 1112 704 1193 amabant,
726 1133 765 1175 ne
788 1111 889 1175 dicam
910 1132 973 1176 non
995 1121 1187 1178 consuerant.
1231 1114 1320 1179 Nunc
1342 1122 1446 1181 autem
1467 1119 1628 1205 Bdelycleo
1650 1126 1703 1190 dc·

539 1224 676 1290 sensorio
696 1228 798 1309 partes
821 1224 885 1307 agit
905 1244 935 1287 v.
959 1225 1031 1287 949.
1075 1224 1221 1290 Labetem
1249 1226 1429 1293 defensurus
1459 1252 1478 1293 a
1504 1239 1590 1316 patre
1612 1256 1702 1322 saepe

537 1335 797 1421 interrumpitur3
825 1336 913 1400 testis
941 1337 1052 1401 citatus
1081 1337 1234 1401 mendacii
1263 1339 1411 1421 arguitur.
1457 1342 1597 1408 Tandem
1618 1347 1701 1412 filius

539 1447 686 1512 defensor
705 1447 947 1512 misericordiam
968 1449 1079 1514 iudicis
1099 1449 1275 1533 implorans,
1297 1451 1428 1516 virtutes
1443 1453 1488 1516 rei
1503 1454 1702 1523 collaudando

539 1558 654 1641 efficit,
687 1564 723 1624 ut
755 1558 949 1643 aliquantum
981 1560 1138 1625 mollescat
1170 1582 1199 1624 v.
1230 1562 1302 1624 973.
1352 1563 1439 1638 Quod
1466 1585 1563 1647 quum
1591 1568 1703 1634 viderit

539 1670 640 1752 filius,
661 1669 771 1735 liberos
794 1671 839 1734 rei
860 1671 1021 1735 ascendere
1042 1672 1129 1736 iubet
1150 1678 1181 1735 ct
1202 1672 1362 1736 lacrimare
1384 1682 1414 1738 et
1436 1676 1599 1741 obsecrare.
1644 1680 1702 1744 His

538 1781 708 1864 Philocleo,
723 1787 758 1846 ut
773 1781 903 1861 videtur,
918 1772 1100 1847 commotus:
1122 1783 1287 1862 Descende,
1303 1784 1423 1863 clamat,
1439 1787 1522 1852 istud
1536 1789 1701 1873 Descende,

539 1894 581 1958 de
605 1914 667 1978 quo
687 1892 848 1977 Bdelycleo
870 1894 975 1959 statim
997 1916 1026 1958 v.
1050 1895 1128 1959 980:

753 2007 849 2070 καίτοι
871 2009 903 2071 τὸ
927 2009 1043 2095 κατάβα
1065 2010 1155 2070 τοῦτο
1178 2006 1312 2076 πολλοὺς
1340 2010 1376 2091 δὴ
1401 2011 1479 2073 πάνυ

752 2117 944 2204 ἐξηπάτηκεν.
964 2149 967 2153 Α

540 2231 684 2316 Apparet
704 2229 789 2293 istud
810 2232 926 2318 κατάβα
948 2250 966 2292 a
988 2230 1096 2314 quovis
1117 2229 1219 2293 iudice
1247 2228 1412 2292 exclamari
1432 2230 1577 2313 potuisse,
1606 2237 1660 2295 aut
1682 2253 1701 2294 a

541 2341 653 2406 multis
675 2363 746 2419 una,
768 2347 805 2405 ut
825 2340 949 2405 tandem
972 2320 1136 2425 aliquando
1158 2340 1197 2404 ad
1211 2340 1390 2423 suffragium
1404 2340 1563 2404 ferendum
1577 2348 1701 2426 possent

540 2453 718 2540 pervenire3
741 2459 868 2538 apparet
889 2474 1017 2537 quoque,
1040 2472 1105 2516 reos
1128 2452 1184 2517 hoc
1198 2455 1314 2541 κατάβα
1328 2472 1546 2537 saepenumero
1561 2453 1700 2537 deceptos

541 2586 619 2646 esse,
643 2564 723 2650 quod
745 2564 863 2629 iudices
885 2564 1052 2629 esurientes
1075 2570 1106 2627 et
1127 2563 1249 2629 trioboli
1270 2541 1373 2649 potius
1394 2585 1489 2648 quam
1504 2585 1612 2628 causae
1634 2585 1698 2628 me·

540 2698 642 2742 mores
670 2697 742 2740 oum
769 2676 870 2761 specie
899 2676 1032 2761 quadam
1058 2662 1282 2739 misericordiae
1308 2677 1562 2762 pronunciabant
1610 2675 1699 2739 Vnde

539 2792 586 2868 fit,
610 2793 647 2853 ut
668 2809 763 2873 aeque
785 2787 923 2853 celeriter
950 2787 1040 2851 istius
1066 2786 1291 2851 misericordiae
1319 2787 1548 2853 obliviscantur.
1592 2788 1700 2870 Itaque

540 2900 695 2966 Philocleo
716 2899 822 2964 statim
843 2905 911 2983 post
933 2897 1098 2963 defensoris
1128 2901 1340 2985 καταβήσομαι
1361 2901 1563 2983 imprecatur:
1593 2900 1624 2968 ἐς
1651 2897 1698 2964 κό-

541 3037 646 3100 ρακας,
668 3012 843 3094 lentcmque
865 3011 930 3075 sive
951 3010 1053 3096 potius
1075 3014 1215 3073 ventrem
1237 3009 1364 3093 plenum
1385 3010 1516 3090 incusat,
1539 3009 1620 3092 quod
1641 3009 1698 3072 ali·

538 3144 636 3209 quam
657 3122 856 3206 benignitatis
878 3122 1010 3207 'speciem
1032 3121 1066 3185 in
1087 3142 1120 3185 se
1143 3120 1292 3203 genuerit.
1335 3119 1482 3201 Exsurgit
1502 3140 1589 3183 reum
1611 3119 1698 3182 dam·

538 3241 681 3300 naturus.
725 3234 822 3298 Filius
851 3232 1003 3299 calculum
1031 3233 1272 3298 damnatorium·
1287 3231 1368 3317 patri
1396 3230 1492 3295 tradit
1524 3250 1629 3311 orans,
1662 3235 1699 3292 ut

538 3368 613 3411 eum
641 3346 807 3411 connivens
828 3346 870 3409 -in
897 3345 1093 3429 posteriorem
1121 3365 1233 3409 urnam
1255 3344 1407 3423 coniiciat,
1429 3361 1577 3425 reumque
1599 3339 1698 3404 absol·
1810 3352 1813 3359 ’

536 3465 593 3525 vat
614 3480 644 3523 v.
660 3459 731 3523 986.
747 3459 820 3543 987.
864 3456 1015 3521 Posterior
1037 3461 1141 3521 autem
1162 3477 1250 3533 urna,
1275 3458 1291 3518 ὁ
1315 3456 1437 3541 ὕστερος
1459 3454 1610 3530 καδίσκος,
1633 3451 1698 3515 sive

538 3576 555 3637 ὁ
579 3572 692 3658 ἄκορος
713 3571 740 3634 is
762 3573 817 3648 est,
840 3589 933 3654 quem
954 3568 1057 3653 paullo
1078 3573 1151 3632 ante
1170 3568 1331 3631 sinistrum
1347 3565 1508 3650 appellavi,
1531 3564 1558 3627 is
1572 3562 1696 3643 scilicet,

537 3684 594 3768 qui
623 3683 712 3747 iuxta
739 3702 865 3746 murum
891 3686 961 3745 stat.
1006 3679 1093 3757 Quod
1120 3700 1217 3763 quum
1244 3684 1331 3763 pater
1352 3677 1439 3754 nolit,
1461 3676 1544 3740 filius
1566 3695 1637 3739 eum
1659 3674 1699 3737 ad

539 3796 670 3860 alteram
699 3814 826 3872 urnam,
859 3799 897 3857 ut
923 3793 981 3871 ait,
1004 3790 1284 3867 circumduetrtrus,
1318 3788 1463 3853 videlicet
1492 3787 1531 3851 ad
1557 3787 1730 3871 priorem„

539 3927 621 3992 quae
647 3904 773 3992 propius
801 3910 983 3990 spectatores
1005 3903 1039 3967 in
1061 3902 1168 3967 dextro
1188 3902 1284 3966 latere
1306 3901 1406 3985 posita
1427 3906 1488 3981 est,
1517 3899 1606 3983 quasi
1628 3919 1699 3963 con-

536 4019 628 4085 cedat
648 4018 744 4103 patri,
766 4022 802 4081 ut
823 4037 893 4081 reus
915 4015 1091 4080 damnetur:
1120 4013 1204 4077 filius
1231 4013 1326 4095 igitur
1354 4018 1473 4097 patrem
1500 4011 1546 4075 ita
1567 4011 1699 4074 circum·

538 4130 635 4209 ducit,
656 4135 696 4193 ut
716 4131 732 4193 ὁ
756 4130 867 4215 ἄκορος
889 4128 1031 4197 καδίσκος
1053 4146 1137 4190 nunc
1158 4125 1198 4189 ad
1219 4124 1356 4188 dextram
1371 4145 1500 4188 manum
1515 4122 1571 4187 sit
1599 4122 1699 4198 Quare

536 4264 634 4309 senex
649 4222 793 4326 deceptus
808 4245 907 4323 rogat:
930 4238 978 4303 ὅδ’
997 4236 1068 4302 ἔσθ’
1086 4239 1103 4301 ὁ
1118 4236 1275 4324 πρότερος;
1298 4259 1326 4301 v.
1339 4238 1411 4314 990,
1434 4234 1524 4319 quod,
1547 4254 1644 4317 quum
1666 4252 1699 4295 re

537 4374 613 4419 vera
641 4353 680 4418 ad
707 4353 846 4417 dextram
873 4351 929 4430 sit,
962 4350 1045 4414 filius
1077 4353 1178 4434 potest
1209 4350 1397 4413 confirmare.
1451 4347 1534 4410 Tum
1567 4342 1699 4423 denique

536 4464 695 4531 calculum
723 4470 778 4529 aut
804 4464 992 4548 perforatum
1019 4467 1074 4526 aut
1100 4460 1225 4544 nigrum
1253 4460 1286 4523 in
1314 4480 1441 4535 urnam,
1474 4476 1569 4538 quam
1596 4455 1700 4537 κυρίαν

536 4578 640 4656 habet,
663 4577 807 4642 immittit
826 4596 974 4661 reumque
992 4573 1131 4641 absolvit.
1174 4573 1242 4637 Iam
1258 4592 1312 4656 per
1328 4593 1361 4636 se
1378 4573 1472 4655 patet,
1495 4571 1550 4629 aut
1564 4564 1697 4627 iudicem
