4484 5467
537 434 599 496 326

1015 422 1211 501 sensns

429 602 432 607 ¹
539 622 605 676 1035
693 605 797 689 φώκης
819 603 848 667 δ’
874 604 981 688 ὀσμήν,
1006 601 1125 686 Λαμίας
1148 600 1175 663 δ’
1202 597 1302 685 ὄρχεις
1324 596 1485 671 ἀπλύτους,
1508 596 1650 682 πρωκτδν
1666 594 1700 657 δὲ

1361 710 1515 795 καμήλου.

690 832 826 894 τοιοῦτον
851 828 921 890 ἰδὼν
943 825 1030 912 τέρας
1054 824 1090 888 οὕ
1114 849 1203 911 φησιν
1227 823 1327 894 δείσας
1350 822 1657 908 καταδωροδοκῆσαι·

693 940 756 1005 ἀλλ’
783 940 856 1024 ὑπὲρ
879 940 965 1023 ὑμῶν
989 937 1032 1001 ἔτι
1055 939 1103 1001 καὶ
1124 938 1187 1001 νυνὶ
1201 941 1342 1021 πολεμεῖ·
1364 935 1455 1022 φησίν
1469 958 1501 998 τε
1517 932 1584 1019 μετ’
1602 932 1697 996 αὐτοῦ

691 1058 755 1124 τοῖς
777 1054 918 1138 ἠπιάλοις
941 1053 1133 1137 ἐπιχειρῆσαι
1156 1049 1278 1134 πέρυσιν
1301 1050 1351 1112 καὶ
1372 1052 1433 1118 τοῖς
1455 1049 1634 1134 πυρετοῖσιν,

571 1337 683 1392 ν.1035.
718 1337 743 1390 δ’
767 1323 858 1409 “’ρχεις;
877 1334 902 1387 δ’
925 1336 993 1403 quod
1014 1335 1041 1387 R.
1061 1335 1160 1397 omisit,
1177 1333 1252 1386 Dind.
1271 1331 1349 1384 deleri
1366 1332 1437 1385 iubet
1453 1333 1479 1384 in
1501 1333 1583 1396 notis,
1606 1331 1699 1384 delevit

605 1425 631 1477 in
649 1424 729 1477 Paris.

571 1526 683 1581 v.1037.
719 1528 795 1599 ἡμῶν
823 1526 854 1579 R.
873 1525 930 1578 Ald.
957 1526 1023 1578 lunt.
1049 1526 1123 1578 Kust.
1142 1526 1195 1579 Inv.
1230 1524 1304 1594 ὑμῶν
1326 1520 1355 1580 Δ.
1374 1524 1456 1577 Bentl.
1473 1523 1561 1576 Reisk.
1583 1523 1623 1576 Fr.
1641 1522 1697 1575 cnr.

606 1614 717 1667 Brunck.
736 1614 813 1666 Bell.
832 1612 906 1664 Dind.
925 1613 1023 1664 llirsch.
1043 1613 1135 1680 Bergk.

642 1701 699 1769 μετ’
719 1700 796 1752 αὺτοῦ
816 1700 846 1752 R.
866 1698 895 1752 V.
913 1698 989 1767 vulgo
1010 1705 1068 1750 aute
1082 1699 1223 1751 Herrlleirrm
1243 1665 1304 1766 μετ’Ι
1319 1698 1396 1750 αὐτόν
1409 1696 1558 1761 (Cleonem),
1577 1699 1645 1765 quod
1662 1714 1698 1750 re·

608 1789 729 1855 ceperunt
746 1784 822 1837 Dind.
847 1785 959 1837 innotis
982 1788 1008 1836 ct
1029 1786 1054 1835 in
1079 1785 1159 1837 Puris.
1182 1785 1308 1852 Hirschig.
1342 1784 1412 1836 Idem
1428 1783 1569 1837 Dobraeus'.
1606 1784 1699 1853 Vulga-

607 1875 659 1924 tam
681 1871 817 1925 scholiasta
834 1872 952 1941 explicat.

542 2114 694 2183 ἀνωμαλίαν
719 2112 793 2186 εἶχεν.
829 2112 867 2166 Cf.
885 2104 918 2165 tl.
937 2112 964 2166 (λ
977 2113 994 2178 ,Ι
1011 2130 1037 2181 ρ.
1055 2111 1096 2164 82.

471 2252 474 2255 ,
539 2200 586 2269 Eq.
606 2200 667 2253 136:
688 2201 776 2271 φωνὴν
796 2195 962 2270 Κυκλοβόρου
981 2199 1057 2272 ἔχων.

591 2304 614 2340 ν.
635 2285 709 2339 1035.
745 2286 850 2357 φώκηςι
870 2285 948 2338 schol.
966 2285 1000 2344 είς
1017 2303 1095 2337 κακο·

540 2373 614 2442 σμίαν
637 2371 713 2423 αὺτὸν
739 2371 880 2440 διαβάλλει,
903 2370 989 2423 διὰτὸ
1008 2371 1095 2444 βυρσο-

539 2459 619 2529 δέψην
633 2457 709 2510 αὑτὸν
724 2457 794 2509 εἶναι.
823 2458 925 2510 Homer.
939 2458 985 2512 Od.
998 2460 1022 2521 4,
1035 2459 1085 2510 406

539 2545 598 2598 442.
633 2540 748 2611 Λαμίαςι
773 2543 864 2618 schola
887 2540 973 2612 Λάμια
997 2541 1093 2617 θηρίον,

539 2630 651 2683 ἀπὸτοῦ
675 2628 739 2701 ἔχειν
764 2630 842 2698 μέγαν
862 2628 953 2699 λαιμόν
972 2659 1005 2667 -
1024 2629 1094 2682 εἰδω-

540 2716 636 2769 λοποιεῖ
657 2714 684 2767 δέ
701 2734 770 2774 τινας
788 2714 871 2790 ὄρχεις
888 2714 996 2786 Λαμίας.
1026 2713 1093 2788 θῆλυ

539 2805 594 2873 γάρ.
630 2803 668 2855 De
685 2802 774 2855 Lamia
795 2803 901 2857 muliere
926 2803 1094 2857 scholiastae

537 2888 640 2941 Doridis
666 2889 746 2941 Samii
767 2889 920 2957 Libycorum
952 2891 1014 2954 (τῶν
1040 2889 1094 2961 περὶ

542 2968 712 3043 Ἀγαθοκλέα)
742 2976 806 3028 libro
833 2975 944 3029 secundo
974 2975 1095 3029 nonnulla

538 3060 622 3124 affert,
649 3063 682 3115 ci.
705 3061 819 3115 Muelleri
841 3063 941 3131 Fragm.
959 3062 991 3115 H.
1009 3060 1054 3115 Gr.
1071 3061 1094 3113 ll

538 3164 565 3215 p.
578 3146 637 3199 478.
656 3175 690 3184 —
707 3147 784 3200 Plura
797 3148 847 3200 rid.
862 3149 930 3218 apud
943 3148 1021 3202 schol.
1034 3147 1094 3200 Pac.

538 3232 595 3285 758.
614 3232 660 3302 sq.
688 3232 738 3286 693
761 3236 787 3285 ct
803 3235 869 3287 infra
887 3235 920 3287 ad
937 3252 961 3288 ν.
979 3234 1053 3287 1177.
1070 3234 1095 3286 A

538 3319 619 3371 schol.
643 3318 740 3372 Eccles.
763 3320 796 3372 ’Π
819 3320 928 3373 Cratetis
951 3323 997 3386 (ita
1019 3320 1094 3372 Mein.

538 3419 585 3472 pro
603 3404 764 3470 Pherecrate)
788 3407 875 3459 fabula
896 3403 983 3476 Λάμια
1000 3422 1095 3460 merno-

538 3496 617 3553 ratur,
636 3506 712 3557 quam
729 3493 816 3545 risisse
829 3492 959 3545 Comicum
977 3494 1020 3546 illo
1038 3493 1094 3545 loco

538 3577 564 3626 et
583 3575 659 3644 Vesp.
681 3577 754 3641 1177,
772 3579 937 3646 probabiliter
955 3579 1093 3632 Meinelrins

538 3668 631 3714 censet.
650 3663 766 3715 llenand.
785 3681 827 3732 ap.
839 3665 903 3719 Gell.
916 3666 948 3719 N.
960 3666 992 3719 Α.
1010 3664 1093 3729 11,23.

538 3748 613 3801 blein.
635 3748 662 3800 6.
681 3749 705 3801 11
722 3766 747 3817 p.
768 3751 824 3804 191.

590 3834 721 3905 καμήλουε
740 3836 819 3905 schol.
836 3834 1034 3910 δερμόπρωκτος
1046 3839 1092 3910 γὰρ

538 3921 553 3991 η
574 3920 690 3992 κάμηλος
708 3923 751 3973 καὶ
768 3922 867 3993 λοίγνος.

591 4024 612 4060 ν.
639 4007 712 4062 1036.
753 4009 997 4082 καταδωροδοκῆσαι
1020 4010 1092 4063 donis

537 4094 678 4162 corrumpi,
701 4110 764 4159 non,
788 4099 816 4147 ut
834 4096 919 4164 Bergl.
942 4097 996 4149 vult
1013 4100 1039 4149 et
1056 4097 1093 4148 in-

537 4186 630 4249 terpp„
650 4180 716 4233 dona
730 4181 797 4246 dere,
817 4182 891 4235 donis
903 4183 1013 4250 placare,
1026 4182 1094 4252 quod

537 4270 576 4318 est
603 4266 764 4340 δωροφορεῖν,
790 4272 817 4320 ut
843 4268 923 4336 Vesp.
941 4268 999 4332 675,
1026 4269 1092 4321 idem

540 4352 606 4417 quod
625 4353 688 4405 Rau.
702 4353 750 4406 361
769 4354 1023 4426 καταδωροδοκεῖται.
1045 4354 1093 4407 Su·

538 4451 584 4502 pra
605 4453 703 4506 quoque
726 4457 749 4493 ν.
769 4440 818 4495 669
842 4444 867 4493 et
883 4442 1027 4495 inAribus
1044 4441 1092 4506 bis,

1147 2114 1173 2164 in
1200 2112 1284 2180 liquit
1311 2112 1414 2179 saepius
1440 2111 1592 2183 δωροδοκεῖν
1619 2115 1699 2166 active

1146 2199 1251 2252 (lictum.
1270 2197 1446 2269 δωροδοκεῖται
1464 2197 1560 2252 Oratin.
1574 2216 1616 2269 sp.
1630 2199 1698 2253 Suid.

1146 2300 1166 2336 s.
1179 2282 1293 2356 ἀλώπηξ,
1308 2284 1339 2337 cf.
1349 2285 1425 2337 blein.
1437 2284 1465 2337 0.
1477 2285 1502 2337 II
1513 2303 1539 2354 p.
1550 2285 1592 2339 87.
1606 2315 1640 2322 -
1652 2284 1699 2337 δω-

1146 2370 1270 2441 ροδοκιστί
1294 2370 1340 2438 Εη.
1364 2371 1422 2423 uno.
1463 2372 1598 2424 Praeterea
1622 2372 1699 2445 δωρο-

1146 2455 1231 2520 δόκος,
1258 2456 1429 2529 δωροδόκημα
1456 2459 1555 2512 cemici.
1598 2460 1629 2512 In
1661 2475 1700 2511 ac-

1144 2545 1213 2597 tione
1243 2544 1380 2613 Harpalica
1409 2545 1514 2598 uerbum
1549 2545 1700 2614 frequentis-

1144 2632 1244 2684 simum.

1196 2733 1219 2768 ν.
1240 2715 1313 2769 1038.
1350 2717 1409 2785 μετ’
1433 2717 1523 2770 ebron:
1546 2732 1599 2769 non
1618 2718 1699 2772 solnm

1145 2803 1276 2868 Cleonem,
1294 2803 1340 2855 sed
1357 2807 1459 2872 practer
1476 2804 1547 2856 illurn
1565 2805 1644 2857 etiam
1662 2807 1698 2859 in-

1145 2891 1224 2943 cubos
1242 2894 1267 2941 et
1285 2890 1368 2942 febres
1386 2905 1523 2958 aggressus
1540 2894 1589 2942 est.
1614 2892 1698 2946 Schol.

1147 2976 1269 3048 ἠπιάλους
1297 2975 1323 3027 δὲ
1349 2977 1408 3035 τοὺς
1436 2976 1590 3049 φιλοσόφους
1617 2980 1699 3051 φησίν.

1145 3063 1246 3134 ἠπίαλοι
1264 3063 1291 3116 δέ
1309 3063 1367 3115 εἰσιν
1386 3062 1408 3115 οἱ
1429 3061 1585 3138 ῥιγοπόρφτοι
1607 3066 1700 3129 (febres

1146 3151 1361 3213 intermittentes).
1387 3150 1473 3202 Alius:
1491 3150 1598 3221 ἠπίαλος
1610 3151 1640 3203 τδ
1653 3151 1699 3224 πρὸ

1144 3240 1189 3287 τοῦ
1211 3240 1318 3307 πυρετοῦ
1342 3229 1426 3309 κρόος.
1445 3232 1635 3311 ’Λριστοφάνης
1653 3234 1698 3292 Νε-

1146 3322 1232 3393 φέλαις
1250 3323 1292 3385 (ci.
1305 3322 1398 3391 Bergk.
1411 3340 1452 3391 ap.
1464 3325 1497 3377 M.
1511 3324 1538 3377 G.
1551 3324 1576 3377 11
1588 3342 1614 3393 p.
1627 3324 1699 3378 1086.

1147 3409 1222 3472 1104)
1240 3409 1283 3460 καὶ
1296 3406 1555 3482 Θεσμοφοριαζοδσαις
1567 3410 1698 3474 (Fritzscb.

1144 3495 1175 3547 dc
1193 3494 1286 3547 fabulis
1304 3499 1406 3547 retract.
1423 3512 1449 3564 p.
1464 3497 1503 3549 16.
1520 3496 1550 3550 ir.
1564 3495 1616 3551 315
1631 3497 1697 3561 Ddi.)

1144 3580 1215 3648 ,ἅμα
1242 3579 1373 3651 δ’ἠπίαλος
1396 3587 1504 3654 πυρετοῦ
1531 3579 1696 3654 πρόδρομος.“

1144 3662 1254 3735 Δίδυμος
1273 3666 1300 3719 δέ
1321 3686 1382 3739 φησι
1400 3668 1507 3738 δαίμων,
1527 3668 1554 3721 δν
1571 3667 1694 3741 Ἠπιοίλην

1142 3754 1186 3805 καὶ
1211 3752 1292 3824 Τῖφυν
1322 3755 1366 3805 καὶ
1391 3750 1494 3808 Εδόπαν
1521 3754 1637 3809 καλοῦσι.
1665 3755 1694 3807 ci.

1144 3840 1286 3907 Hesychius
1313 3856 1334 3893 s.
1361 3858 1385 3894 ν.
1412 3841 1531 3912 ἠπίαλος,
1562 3841 1694 3911 Phrynicb.

1143 3926 1223 3979 Bell.
1242 3944 1267 3993 p.
1286 3926 1319 3977 42
1338 3942 1358 3980 s.
1377 3944 1400 3981 v.
1419 3927 1538 4002 ἠπιάλης.

1195 4013 1307 4081 πέρυσινι
1331 4013 1412 4066 schol.
1436 4033 1462 4066 π.
1484 4015 1532 4086 γὰρ
1554 4017 1602 4075 τὰς
1619 4012 1694 4087 Negi-

1143 4097 1190 4155 λας
1208 4097 1326 4161 ἐδίδαξεν,
1344 4099 1369 4150 ἐν
1389 4099 1428 4158 αίς
1444 4101 1503 4160 τοὺς
1521 4104 1576 4175 περὶ
1594 4101 1693 4173 Σωκροί·

1143 4203 1189 4255 την
1214 4184 1395 4256 ἐκωμῴδησεν.
1418 4186 1542 4257 ἠπιάλους
1564 4186 1591 4241 δὲ
1608 4188 1693 4245 αδτοὺς

1143 4270 1289 4338 ὠνόμασεν,
1327 4271 1361 4330 είς
1391 4271 1529 4346 ὠχρότητα
1553 4272 1693 4345 Ιπαρασκοί-

1142 4375 1221 4410 πτων.
1250 4357 1323 4421 Quod
1341 4358 1367 4409 in
1385 4358 1503 4413 Nubibus
1516 4361 1624 4413 miseros
1641 4360 1692 4428 phi·

1141 4443 1274 4512 losophos,
1301 4460 1351 4497 non
1370 4444 1489 4500 Cleonem
1516 4447 1692 4516 exagitavisset
