4484 5467
963 414 1158 476 ΣΦΗΚΕΣ

452 598 549 661 1160
634 592 756 680 ἐχθρῶν
778 561 851 680 παρ’
876 592 992 680 ἀνδρῶν
1016 594 1150 682 δυσμενῆ
1175 594 1361 685 καττύματα;

937 719 1174 784 ΒΔΕΛΥΚΛΕΩΝ.

635 815 723 888 ἔνθες
745 817 814 883 ποτ’
840 819 865 882 ὦ
887 824 948 898 τᾶν,
971 819 1135 909 κάπόβαιν’
1156 822 1338 912 ἐρρωμένως

635 931 666 1001 ἐς
687 932 738 1017 τὴν
761 926 939 1019 Λακωνικὴν
962 934 1084 1006 ἀνύσας.

951 1060 1158 1120 ΦΙΛΟΚΛΕΩΝ.

1097 1162 1209 1234 ἀδικεῖς
1229 1163 1265 1248 γέ
1288 1188 1326 1251 με

631 1271 662 1341 ἐς
684 1271 735 1357 τὴν
758 1271 906 1358 πολεμίαν
928 1273 1123 1363 ἀποβιβάζων
1146 1273 1196 1339 τὸν
1219 1273 1308 1341 πόδα.

932 1396 1169 1458 ΒΔΕΛΥΚΛΕΩΝ.

630 1495 702 1586 ρέρε
723 1497 843 1562 καὶτὸν
865 1498 976 1583 ἕτερον.

514 1757 619 1812 v.1111.
655 1758 716 1811 πα»
734 1757 756 1811 α
774 1759 806 1813 u.
823 1758 855 1812 ν.
873 1754 905 1815 Β.
923 1759 1036 1829 (optime,
1053 1763 1083 1814 ut
1099 1761 1226 1831 maome.
1244 1760 1328 1826 um),
1345 1760 1430 1830 vulgo.
1464 1760 1545 1832 Aequi
1562 1746 1633 1825 uu<

543 1845 599 1898 πόδ’
631 1847 662 1900 R.
685 1862 735 1900 sec.
755 1846 855 1901 Inuum.
878 1851 904 1900 et
925 1847 1004 1903 Bekk.
1022 1878 1056 1887 -
1082 1847 1144 1901 πόδ’
1171 1849 1281 1903 Brunek.
1305 1847 1384 1902 Bekk.
1406 1848 1482 1904 Dind.
1504 1849 1631 1921 Hirsuhig.

543 1932 586 2003 qui
603 1935 689 1984 tamen
707 1932 733 1984 in
751 1932 818 1984 notis
834 1932 927 2001 probat
944 1932 1013 1985 πότ’.

575 2034 637 2088 ibid.
673 2033 812 2104 κάπόβαιν’
834 2035 865 2087 R.
884 2036 915 2088 V.
934 2030 961 2089 Γ.
978 2036 1044 2089 lunt.
1062 2036 1201 2106 πατάβανν’
1224 2035 1284 2090 Ald.
1302 2036 1377 2090 Frob.
1395 2035 1470 2091 Kust.
1494 2039 1538 2091 καὶ
1555 2040 1632 2092 κατοί-

542 2120 607 2192 βαιν’
629 2117 660 2172 B.
675 2114 703 2172 Δ.
717 2119 785 2172 Scal.
803 2112 870 2192 κᾷτα
888 2120 956 2189 βαῖν’
975 2120 1086 2174 Brunek.
1104 2138 1156 2176 reu.
1174 2122 1250 2176 Both.
1268 2121 1344 2175 Cunz.
1361 2122 1487 2193 κάπόβαιν’
1505 2124 1632 2193 Hirschig.

542 2221 592 2257 uon
614 2204 738 2274 probatus
761 2202 788 2256 O.
811 2204 839 2256 F.
857 2205 1011 2259 Hermanno.
1047 2200 1408 2278 κᾷταβ.οο1οΒτοηο11οοτ
1429 2208 1507 2261 etiam
1524 2210 1631 2263 Bentlei.

542 2296 567 2347 et
584 2292 670 2360 Bergl.
694 2292 737 2343 καὶ
753 2290 870 2364 πρόβαιν’
895 2292 967 2359 Βοίε,
988 2292 1015 2347 6.
1040 2310 1078 2361 pr.
1096 2294 1180 2347 XVII.
1202 2285 1270 2369 κᾷτα
1288 2293 1311 2363 β.
1333 2295 1422 2351 Markl.
1446 2294 1506 2350 Eur.
1527 2296 1582 2369 Iph.
1601 2297 1631 2352 T.

543 2380 617 2434 1207.
647 2379 751 2432 Retiuui
767 2378 901 2433 lectionem
920 2380 1076 2435 Ravennatis
1093 2384 1120 2434 et
1137 2382 1236 2437 Veneti.

506 2502 529 2540 ν.
545 2482 619 2538 1163.
654 2481 689 2543 εἰς
705 2486 753 2556 γῆν
771 2483 802 2536 R.
820 2483 874 2539 Iuv.
892 2482 961 2557 τόςὴν
981 2483 1011 2539 V.
1030 2500 1050 2539 ο.
1070 2484 1132 2540 6ο1ν.
1150 2486 1236 2556 uulgo.

522 2731 546 2768 v.
578 2710 650 2764 1160.
699 2706 800 2783 ἐχθρῶν
814 2706 1026 2780 -καττθμαται
1076 2713 1202 2781 usurpant
1224 2709 1317 2769 ἀνόαας
1339 2729 1363 2763 τι
1385 2710 1453 2763 Nub.
1472 2711 1531 2767 635.
1557 2713 1630 2767 1253.

473 2799 551 2853 schol.
576 2796 623 2863 (ὡς
645 2793 746 2871 ἐχθρῶν
770 2792 918 2869 Ἀθηναίοις
945 2792 1027 2849 Λακε-
1076 2797 1123 2868 Eq.
1149 2797 1206 2854 119.
1237 2796 1316 2866 Vesp.
1338 2796 1379 2850 30.
1402 2795 1461 2848 962.
1492 2797 1553 2852 Pac.
1572 2799 1630 2855 275.

473 2886 618 2956 δαιμονίων.
636 2881 786 2952 καττθματα
804 2881 831 2935 δὲ
843 2881 955 2955 δέρματά
971 2900 1027 2935 τινα
1076 2884 1136 2953 Lys.
1162 2884 1220 2937 920.
1243 2912 1277 2921 -
1298 2882 1396 2937 Deinde
1419 2881 1554 2951 κάπόβαιν’
1580 2884 1631 2957 ἐρρ.

472 2970 562 3046 ἰοχυρά
585 2970 628 3023 καὶ
650 2969 760 3042 σκληρά,
783 2968 844 3041 ἅπερ
866 2975 918 3028 τοῖς
937 2967 1027 3021 αανδα-
1076 2973 1102 3023 et
1125 2986 1183 3023 eum
1206 2969 1231 3029 ἐς
1248 2988 1271 3021 τ.
1289 2964 1321 3022 Λ.
1345 2968 1465 3036 coniungi
1485 2972 1584 3037 potest,
1602 2972 1630 3021 ut

471 3059 531 3118 λίοτς
550 3058 595 3111 καὶ
612 3056 698 3116 ἄλλοις
715 3054 872 3125 ὑποδήμασιν
890 3053 1028 3123 θποβόλλε-
1077 3058 1123 3109 sit:
1141 3056 1231 3126 pedem
1250 3056 1366 3119 immitte,
1384 3053 1492 3119 colloca,
1509 3054 1629 3123 eumeui-

471 3149 530 3211 ται).
567 3143 652 3212 Bergl.
671 3145 729 3211 apte
748 3158 830 3210 comp.
847 3140 908 3194 Eur.
927 3141 1026 3195 Heracl.
1077 3142 1151 3195 ficut:
1172 3142 1318 3211 ingredere,
1335 3141 1385 3193 abi.
1421 3140 1487 3193 Tum
1505 3145 1630 3195 commate

472 3232 551 3285 1006:
570 3226 664 3306 ἐχθροῦ
677 3228 778 3287 λέοντος
793 3226 904 3297 δυσμενῆ
918 3226 1026 3298 βλαστή-
1077 3227 1282 3297 distinguendum
1301 3230 1341 3279 est
1359 3228 1418 3279 aute
1429 3226 1522 3297 κάπόβ.
1535 3229 1631 3297 etpost

470 3337 554 3387 ματα,
586 3331 664 3385 quum
693 3329 782 3367 versus
812 3313 909 3366 Comici
938 3311 1027 3381 procul
1076 3314 1135 3387 ἐρρ,
1152 3311 1222 3373 ἔνθες
1235 3316 1319 3366 autem
1333 3329 1391 3366 eum
1403 3312 1428 3373 ἐς
1439 3331 1463 3365 τ.
1476 3308 1507 3365 Α.
1524 3314 1629 3382 iungen-

469 3404 548 3457 dubio
572 3402 723 3455 cothurnum
745 3401 836 3470 sapiat.
876 3397 1025 3468 καττύματα
1077 3402 1146 3454 dum.
1177 3400 1261 3470 Atque
1273 3400 1310 3452 ita
1326 3399 1464 3453 scholiasta
1481 3415 1570 3452 versus
1587 3416 1630 3451 ex·

469 3491 534 3543 Ach.
559 3487 619 3541 301.
638 3488 688 3558 Eq.
707 3486 765 3541 315.
788 3485 846 3539 669.
874 3481 1025 3537 καττόεαθαι
1075 3488 1188 3556 plicavit.
1223 3486 1260 3539 cf.
1286 3486 1359 3541 Pure.
1382 3487 1408 3538 et
1425 3484 1569 3539 Dobraeum
1597 3484 1631 3539 ad

468 3576 516 3645 Eq.
537 3574 597 3628 314.
623 3574 654 3628 cf.
673 3574 727 3626 lnd.
751 3572 779 3627 0.
797 3571 821 3626 V
839 3586 859 3625 s.
877 3588 901 3624 ν.
933 3572 1025 3624 κάττυ-
1075 3573 1136 3641 LyS.
1155 3571 1213 3625 786.

469 3682 515 3731 μα,
533 3659 648 3714 καττόω,
1126 3675 1151 3711 ν.
1171 3657 1245 3713 1163.
1280 3657 1453 3728 ἀποβιβάζωντ
1476 3658 1551 3712 Dind.
1577 3676 1631 3712 mo-

522 3765 547 3801 ν.
568 3747 642 3801 1161.
679 3742 756 3804 ἔνθες.
787 3745 856 3797 Bene
874 3743 1024 3797 scholiasta:
1076 3746 1143 3809 uuit,
1165 3744 1216 3798 hoe
1240 3745 1317 3798 verbo
1339 3744 1474 3798 lectionem
1495 3743 1588 3814 κάπόβ.
1605 3762 1629 3796 ν.

469 3832 541 3894 ἔνθες
564 3832 608 3886 τὸν
632 3832 698 3885 πόδα
721 3849 765 3884 σον
787 3830 821 3889 εἰς
842 3831 889 3899 τὴν
912 3826 1026 3883 Λακωνι-
1078 3830 1144 3883 1162
1176 3830 1286 3884 defendi.
1321 3830 1408 3884 schol.
1437 3832 1468 3883 11.
1498 3830 1551 3899 ἅμα
1582 3830 1628 3898 μὲν

469 3923 518 3991 κ’νρν
538 3919 645 3984 ἀνόοας,
663 3918 706 3971 καὶ
722 3918 849 3989 περιπάτει
866 3917 1024 3989 ἐρρωμένως.
1077 3915 1140 3989 πρὸς
1160 3916 1190 3970 τὸ
1215 3915 1347 3991 ὑπόδημα,
1374 3916 1427 3988 ἅμα
1450 3916 1476 3970 δὲ
1498 3916 1559 3989 πρὸς
1582 3918 1628 3985 τὴν

470 4004 541 4066 ἔνθες
558 4008 627 4060 idem
644 4008 696 4069 est,
719 4004 786 4074 quod
811 4006 886 4056 autea
908 4000 1025 4066 θποδόου,
1075 4003 1172 4078 χώραν.

469 4093 624 4147 subauditur
649 4091 688 4144 τὼ
713 4089 786 4154 πόδε,
817 4090 885 4159 quod
911 4089 1026 4142 additum
1128 4109 1152 4144 ν.
1174 4090 1247 4144 1164.
1282 4087 1326 4143 τὸν
1345 4090 1441 4163 ἕτερονι
1467 4087 1511 4142 τὸν
1535 4086 1629 4141 cumvu-

469 4183 509 4233 est
532 4179 631 4232 Eccles.
656 4177 715 4231 346.
742 4206 776 4214 -
801 4176 861 4230 πότ’
885 4190 945 4229 vero
968 4190 1025 4228 cum
1077 4195 1136 4246 μον,
1154 4179 1181 4229 ut
1199 4176 1263 4230 bene
1281 4177 1422 4231 obsemavit
1439 4176 1506 4229 Flor.
1525 4174 1592 4238 Chr..
1615 4190 1629 4227 e

469 4264 564 4324 ἀνόοας
580 4263 744 4333 iungendum,
762 4266 791 4315 ut
808 4263 874 4315 infra
887 4261 954 4316 1168
967 4260 1025 4313 ἄνω·
1074 4263 1236 4331 Pythagorae
1246 4267 1391 4332 praecepte,
1402 4263 1430 4316 in
1445 4262 1556 4316 calceum
1569 4259 1629 4312 dex·

470 4352 513 4405 σόν
532 4348 605 4415 ποθ’,
627 4349 695 4402 Plut.
715 4348 773 4403 349.
798 4349 857 4405 648.
878 4349 947 4418 „Fae
969 4351 1025 4400 tan·
1073 4353 1154 4414 trum,
1172 4348 1272 4403 laevum
1298 4350 1326 4404 in
1351 4349 1445 4422 pelvim
1467 4347 1629 4424 praemittere

470 4438 528 4495 dem
562 4435 700 4511 aliquande
734 4436 856 4495 induas“.
903 4435 1025 4494 Similiter
1071 4436 1191 4495 iubentis.
