4484 5467
561 624 611 708 84·
945 623 1138 705 monacos.¹
1171 623 1284 678 cnrvr
1302 625 1337 680 111
1469 605 1472 611 ’

560 796 592 857 in
614 793 839 876 Ecclesiazusis,
861 794 1013 878 siquidem
1034 795 1191 880 parabasis
1214 796 1274 860 dici
1295 802 1395 881 potest
1415 818 1543 864 mrmen
1564 800 1703 864 uxr-78-

561 906 634 988 503,
656 911 776 992 praeter
798 905 970 992 epirrhema
984 914 1022 972 et
1043 907 1270 992 antepirrhema
1296 907 1407 974 dosunt
1433 908 1571 994 reliqua;
1598 911 1633 976 in
1657 912 1704 995 hy·

560 1018 686 1083 sistrata
714 1017 846 1104 denique
869 1023 960 1104 atque
982 1020 1016 1084 in
1035 1018 1125 1083 Pluto
1146 1025 1211 1084 tota
1231 1019 1325 1084 abest
1368 1019 1453 1084 Nihil
1474 1021 1595 1087 mirum
1617 1023 1705 1106 igitur,

559 1129 639 1214 quod
672 1129 809 1215 reliquae
843 1129 1018 1195 fabularum
1051 1131 1214 1215 parabases
1247 1131 1340 1196 etiam
1373 1132 1529 1198 breuiores
1561 1140 1653 1216 sunt;
1680 1156 1707 1200 a

524 1288 530 1297 -
559 1263 641 1307 nunc
669 1242 735 1307 dico
763 1242 898 1325 cantica,
930 1262 1007 1325 quas
1037 1242 1199 1328 parabases
1227 1242 1338 1308 alteras
1370 1264 1435 1309 esse
1464 1264 1558 1311 nemo
1588 1248 1707 1332 negarit

557 1355 664 1440 Itaque
692 1355 848 1441 parabasis
878 1354 974 1419 altera
1002 1355 1248 1420 Acharncnsium
1275 1376 1303 1418 r.
1334 1357 1559 1422 iren—1173
1589 1380 1607 1424 e
1636 1358 1707 1424 honr·

557 1467 668 1543 matio,
696 1467 834 1553 stropha,
861 1466 1052 1551 antistropha
1080 1472 1212 1545 constat,
1246 1466 1393 1552 Equitum
1425 1490 1455 1533 v.
1492 1470 1708 1536 1264-1315

558 1578 742 1663 e-stropha,
770 1577 989 1662 epirrhemate,
1017 1571 1222 1665 antistropha,
1249 1580 1523 1664 antepirrhemate‚
1544 1580 1708 1669 Vespamn

556 1711 585 1754 v.
612 1690 832 1754 1265—1291
863 1689 1041 1775 estropha‚
1075 1689 1292 1774 epirrhemate,
1326 1692 1603 1779 antcpirrhemate3
1632 1695 1709 1762 Pacis

557 1823 585 1865 v.
611 1803 691 1866 1127
700 1802 832 1866 -1190
854 1823 870 1866 e
892 1801 1023 1886 stropha,
1052 1802 1264 1889 epirrhematc,
1292 1804 1490 1890 antistropha,
1520 1807 1708 1894 antepirrhe

555 1921 651 1994 mate3
684 1914 801 1978 Avium
832 1934 862 1977 v.
893 1914 1111 1978 1058-1117
1151 1935 1188 1978 ex
1220 1914 1334 1979 issdem
1366 1916 1516 2001 partibus.
1580 1917 1708 1986 Fabulae

555 2025 689 2110 reliquae
712 2030 870 2111 quattuor,
898 2025 1017 2104 Ranae,
1044 2024 1163 2108 Nubes,
1186 2026 1532 2112 Thesmophoriazusae,
1560 2030 1707 2096 Ecclesia-

555 2159 645 2203 ausae
671 2138 790 2203 nullam
818 2138 962 2204 videntur
989 2137 1108 2202 habere.
1159 2138 1329 2222 Lysistrata
1356 2139 1487 2225 denique
1522 2144 1707 2209 carminibus

554 2250 678 2334 quidem
706 2271 778 2337 prae
805 2250 931 2335 rehquis
957 2249 1102 2329 abundat,
1131 2271 1230 2335 neque
1251 2257 1365 2336 tamen,
1393 2272 1487 2337 quam
1509 2274 1549 2318 ex
1571 2258 1707 2322 veterum

551 2363 668 2426 ratione
690 2362 853 2449 parabasin
874 2362 966 2440 dicas,
988 2361 1088 2426 habet.
1132 2362 1249 2428 Verum
1270 2363 1353 2427 enim
1380 2384 1451 2428 vero
1474 2366 1620 2432 carmina
1641 2374 1707 2433 sunt

553 2481 709 2559 praeterea
730 2475 763 2538 in
785 2473 938 2560 plerisque
960 2474 1071 2539 fabulis
1093 2475 1324 2559 superstitibus,
1352 2496 1429 2560 quae
1452 2476 1491 2542 ad
1518 2481 1706 2564 parabaseon

555 2594 699 2651 naturam
725 2586 862 2672 proxime
891 2586 1043 2651 accedant.
1094 2586 1197 2663 Quum
1227 2588 1310 2651 enim
1337 2587 1499 2673 parabases
1522 2590 1613 2671 illae,
1637 2614 1706 2680 ques

552 2697 809 2786 enumeravimus,
831 2697 912 2762 inter
934 2698 1003 2778 duo,
1026 2718 1104 2783 quae
1118 2705 1275 2779 vocantur,
1298 2700 1434 2787 episodia
1447 2700 1550 2767 locum
1565 2702 1706 2786 habeant

551 2812 573 2875 i.
595 2833 621 2875 e.
643 2811 697 2876 ubi
719 2816 773 2874 aut
794 2810 935 2875 exierunt
956 2817 1010 2876 aut
1031 2810 1190 2876 silentium
1212 2816 1309 2895 agunt
1330 2818 1453 2892 actores,
1482 2833 1501 2876 a
1523 2815 1628 2896 choro,
1658 2816 1707 2902 qui

552 2923 634 2988 solus
663 2924 696 2988 in
724 2923 876 2989 orchestra
902 2924 1031 3006 restitit,
1065 2929 1229 3002 canantur,
1264 2924 1383 3010 reliqua
1411 2945 1532 3010 quoque
1561 2929 1705 3007 carmina,

551 3058 629 3120 quae
656 3036 792 3101 fabulam
812 3036 847 3099 in
869 3056 974 3101 scenas
996 3041 1119 3101 actusve
1141 3035 1301 3115 dividunt,
1323 3037 1384 3101 huc
1404 3036 1558 3123 pertinere
1581 3061 1705 3108 consen·

550 3154 676 3214 tansum
698 3154 753 3213 est.
798 3147 994 3234 Respondent
1015 3148 1098 3233 enim
1120 3148 1255 3214 stasimis
1277 3148 1346 3213 istis
1368 3148 1607 3231 tragoediarum,
1631 3174 1703 3239 quae

468 3283 473 3297 ·
550 3261 726 3325 absentibus
754 3260 906 3324 actoribus
935 3281 954 3322 a
982 3260 1071 3325 choro
1099 3258 1162 3323 solo
1191 3267 1344 3324 canuntur
1370 3281 1537 3346 scenasquc
1559 3285 1702 3330 nonnun-

549 3395 642 3457 quam
670 3372 846 3437 distrahunt
877 3372 975 3455 magis
1004 3393 1097 3458 quam
1126 3372 1325 3457 coniungunt
1369 3372 1525 3456 Quidquid
1554 3375 1651 3457 igitur
1670 3377 1700 3441 in

549 3484 712 3568 tragoediis
745 3485 907 3550 stasimum
940 3483 1069 3568 dicitur,
1102 3483 1135 3549 id
1167 3484 1202 3548 in
1233 3482 1395 3552 comoediis
1428 3484 1592 3562 stasimum
1623 3488 1698 3554 dicas

545 3597 757 3680 parabaticon,
785 3596 901 3661 scilicet
922 3597 1100 3681 stasimum,
1130 3603 1166 3660 ut
1193 3617 1230 3660 ex
1252 3602 1390 3660 veterum
1412 3616 1495 3660 more
1518 3616 1554 3661 ac
1576 3620 1697 3665 consue

545 3708 653 3771 tudine
675 3708 865 3774 discernatur
887 3730 907 3773 a
927 3709 1038 3795 parodo
1061 3707 1225 3794 essedoque,
1247 3691 1443 3793 parabaticon
1464 3715 1580 3788 autem,
1613 3709 1695 3797 quod,

545 3826 580 3883 ut
602 3820 751 3885 eiusmodi
772 3842 883 3886 nomen
905 3822 1063 3904 inscribas,
1087 3821 1261 3886 carminum
1282 3826 1394 3885 natura
1414 3820 1560 3906 postulat
1605 3822 1695 3886 Nam·

543 3951 601 4014 que
624 3933 805 4018 comparatis
827 3934 908 3999 inter
929 3955 962 3999 se
983 3934 1145 4018 utriusque
1168 3933 1286 4016 generis
1301 3931 1489 4015 carminibus
1503 3932 1695 4020 perspicuum

541 4044 584 4122 fit,
608 4044 735 4110 chorum
755 4047 906 4130 tragicum
927 4047 1107 4136 plerumque
1130 4047 1307 4131 spectatoris
1328 4045 1425 4112 instar
1439 4065 1529 4110 suam
1545 4044 1691 4140 derebus,

541 4177 618 4240 quae
646 4162 796 4239 aguntur,
825 4136 1014 4223 sententiam
1041 4157 1187 4245 profiteri.
1230 4157 1396 4223 Rarissimc
1412 4172 1489 4223 'cum
1510 4163 1598 4242 parte
1620 4163 1694 4224 acto

540 4290 609 4334 rum
637 4268 817 4334 coniunctus
843 4290 898 4355 per
918 4275 1015 4334 totam
1037 4268 1174 4333 fabulam
1195 4270 1276 4354 parti
1306 4267 1394 4335 alteri
1423 4266 1618 4348 adversatru,
1647 4273 1695 4333 aut

539 4380 565 4442 si
594 4381 786 4461 adversatur,
815 4382 942 4446 tacendo
971 4383 1022 4460 fit,
1058 4380 1296 4460 dissimulando,
1324 4381 1501 4467 saepissime
1535 4380 1704 4467 querendo.¹

539 4490 653 4560 Chorus
681 4493 791 4577 igitur,
821 4513 917 4577 quum
944 4492 1008 4579 ipse
1037 4475 1188 4578 spectator
1209 4499 1300 4577 atque
1323 4493 1444 4558 auditor
1465 4492 1506 4557 sit
1527 4492 1693 4559 attentissi-

537 4622 615 4682 mus,
637 4605 759 4690 ubique,
783 4626 875 4691 quem
897 4626 914 4669 e
933 4605 1098 4691 spectando
1120 4583 1331 4690 audiendowe
1352 4604 1488 4670 fructum
1515 4606 1700 4694 perceperit.
