4484 5467
539 629 579 695 28
935 626 1125 681 ruonuoon.
1160 624 1302 701 oarvrr

621 802 703 867 XIX.
748 800 875 864 Doctum
904 800 998 879 igitur
1026 799 1197 883 Vesparnm
1226 798 1362 862 fabulam
1392 799 1513 882 magnis
1542 799 1690 863 Liberali·

537 917 594 980 bus
617 915 662 978 Ol.
686 916 737 994 89,
761 913 779 975 ‘2
802 933 919 992 censeo,
944 911 1070 975 henneis
1092 911 1230 975 eiusdem
1251 911 1325 974 anni
1347 910 1535 995 Proagonem
1558 912 1613 996 (de
1635 933 1691 996 quo

536 1027 599 1091 vid.
622 1026 731 1109 Bergk.
756 1024 803 1087 Fr.
827 1024 911 1087 Com.
935 1024 972 1104 11,
998 1023 1079 1087 1136
1102 1023 1198 1107 sqq),
1222 1022 1340 1086 doctam
1363 1030 1525 1108 utramque
1548 1046 1569 1088 a
1591 1023 1691 1087 Philo

536 1138 618 1219 nido,
640 1137 776 1222 partium
798 1136 967 1220 primarum
990 1142 1099 1215 actore,
1122 1134 1176 1217 qni
1198 1134 1292 1198 simul
1313 1141 1413 1200 totum
1434 1137 1557 1201 fabulae
1580 1136 1617 1200 in
1631 1156 1691 1200 sce·

537 1273 610 1315 nam
639 1247 874 1314 committendae
903 1247 1058 1330 negotium
1087 1246 1121 1310 in
1150 1267 1182 1310 se
1208 1253 1397 1331 susceperat,
1426 1267 1521 1330 eoque
1555 1248 1692 1312 taedium

537 1363 664 1442 laboris,
700 1382 760 1425 non
788 1360 915 1443 gloriam
944 1358 1110 1441 laudesque
1144 1358 1342 1443 concipiebat.
1393 1359 1439 1422 De
1465 1358 1631 1424 Philonide
1664 1367 1692 1423 et

537 1475 712 1539 Callistrato
734 1472 855 1555 egregia
876 1470 989 1556 prodiit
1010 1470 1225 1534 commentatio
1247 1470 1371 1553 Bergldi
1393 1470 1441 1534 Fr.
1461 1471 1547 1536 Com.
1571 1472 1691 1552 119118

537 1610 612 1672 sqq„
628 1586 716 1650 ouius
733 1604 887 1647 summam
903 1583 967 1667 ipse
983 1605 1019 1667 p.
1029 1583 1091 1645 939
1107 1581 1251 1647 brevibus
1265 1583 1504 1668 comprehendit.
1528 1585 1557 1648 ls
1573 1591 1693 1662 utrum-

538 1721 596 1783 que
626 1703 763 1782 poetam‚
798 1717 858 1759 non
886 1694 1066 1775 histrionem
1099 1693 1194 1757 luisse
1223 1694 1426 1777 contendens,
1454 1696 1691 1782 Aristophanem

537 1810 627 1875 modo
649 1808 801 1873 industria
823 1815 854 1871 et
876 1805 1139 1872 commendatione
1153 1805 1314 1889 utriusque
1336 1828 1430 1872 usum
1450 1829 1515 1872 esse
1531 1808 1618 1873 dicit.
1650 1810 1692 1873 De

537 1922 643 1987 eadem
664 1942 697 1985 re
720 1929 810 1985 antea
831 1920 964 1984 multum
987 1926 1033 1983 est
1054 1918 1262 2004 disputatum,
1290 1924 1327 1983 ut
1347 1919 1386 1983 ab
1408 1919 1550 1984 Hanovio
1572 1922 1632 1997 Qu.
1654 1944 1693 1985 er.

417 2107 420 2114 ⁴
537 2056 567 2119 p.
604 2036 623 2098 2
659 2055 724 2117 sqq.
753 2032 872 2096 Ranlrio
907 2031 979 2096 Vita
1013 2032 1067 2095 Ar.
1101 2052 1131 2115 p.
1166 2033 1229 2097 219
1263 2052 1329 2116 sqq.
1368 2031 1536 2096 Fritzschio
1575 2032 1692 2097 Daetal.

537 2170 567 2232 p.
588 2149 688 2231 esqq.
711 2145 868 2211 Dindorfio
890 2143 929 2209 ad
951 2144 1046 2208 Arist.
1068 2145 1176 2227 fragm.
1199 2166 1229 2229 p.
1246 2144 1307 2208 526
1330 2165 1386 2229 sq,
1410 2144 1444 2208 C.
1459 2143 1493 2208 F.
1516 2144 1693 2210 Hermanno

539 2261 575 2325 de
597 2259 721 2325 iniuriis
744 2264 800 2322 etc.
823 2258 1067 2341 (Progymnasm.
1089 2255 1123 2319 in
1145 2256 1200 2339 Eq.
1224 2257 1252 2340 l)
1281 2279 1311 2341 p.
1337 2257 1376 2320 18
1398 2277 1464 2341 sqq.
1508 2246 1586 2322 Nolo
1609 2257 1693 2341 equi·

539 2373 624 2453 dem,
654 2372 735 2457 quod
757 2371 882 2452 longum
904 2373 1000 2449 esset,
1029 2372 1174 2453 repetere.
1218 2367 1319 2453 Ipsius
1340 2368 1456 2433 Comici
1477 2389 1586 2434 versus
1613 2370 1693 2432 enim

539 2491 587 2550 sat
609 2484 715 2548 multis
737 2481 821 2560 locis,
849 2479 1091 2561 scholiastarum,
1121 2479 1390 2563 grammaticorum
1411 2480 1586 2563 auctoritas,
1611 2481 1694 2545 dida-

540 2596 703 2660 sealiarnm
730 2592 862 2674 indolem
896 2611 970 2654 usus
992 2591 1124 2676 denique
1157 2591 1333 2675 sequiorum
1360 2597 1548 2676 temporum,
1581 2594 1693 2677 quibus

539 2706 702 2771 histriones
724 2705 815 2790 plane
837 2709 997 2789 poetarum
1018 2708 1118 2787 partes
1135 2710 1350 2789 susceperunt,
1366 2742 1407 2751 —
1429 2704 1549 2786 omnia,
1571 2711 1693 2769 utrum-

540 2840 599 2903 qne
621 2818 677 2883 uui
700 2818 765 2882 viro
787 2818 945 2882 obvenisse
966 2815 1125 2898 negotium
1147 2822 1178 2880 et
1199 2816 1327 2881 docendi
1348 2822 1380 2880 et
1399 2816 1509 2900 agendi
1531 2819 1580 2882 vel
1604 2819 1693 2883 obve-

540 2931 606 2995 nire
628 2930 779 3016 potuisse,
812 2928 928 3014 liquide
949 2926 1125 2992 ostendunt.
1170 2928 1364 2993 Callistratus
1380 2916 1483 3011 'igitur
1504 2936 1535 2993 et
1556 2930 1694 2995 Philoni-

429 3072 433 3080 *
540 3045 593 3107 des
615 3064 676 3108 non
698 3044 798 3108 solum
820 3035 933 3107 actores
955 3043 1081 3104 fuerunt
1102 3039 1217 3105 Comici
1238 3040 1394 3126 praecipui
1417 3047 1448 3105 et
1468 3041 1620 3126 primarii,
1644 3042 1694 3105 sed

540 3157 634 3221 etiam
661 3156 738 3221 tales
765 3155 840 3236 viri,
869 3174 944 3237 quos
971 3153 1135 3236 vernacule
1163 3174 1378 3239 nuncupamus
1402 3152 1623 3236 „Regisseure“
1647 3154 1693 3220 vel

542 3269 769 3350 „Directoren“,
784 3267 878 3329 immo
895 3266 1179 3345 „verantwortliche
1194 3265 1393 3349 Regisseure“
1411 3266 1459 3329 vel
1477 3272 1695 3347 „verantwort

539 3382 619 3445 liche
641 3380 849 3444 Directoren“.
894 3377 980 3455 Quod
1002 3377 1098 3462 igitur
1120 3378 1200 3443 cirea
1220 3377 1435 3443 Demosthenis
1457 3384 1597 3464 tempora
1618 3380 1696 3444 Neo·

540 3492 675 3577 ptolemi‚
700 3491 774 3573 Poli,'
797 3490 937 3572 aliorum,
961 3490 1128 3574 dequibus
1151 3489 1269 3554 erudite
1291 3490 1435 3555 disseruit
1457 3492 1618 3574 Grysarus,
1643 3514 1696 3557 no·

540 3604 677 3668 minibus
709 3603 855 3667 inclaruit
882 3624 997 3667 munus
1025 3602 1266 3689 protagonistae,
1296 3602 1328 3665 id
1357 3602 1502 3686 antiquae
1524 3604 1696 3669 comoediae

540 3714 710 3798 triadisque
730 3715 863 3798 tragicae
885 3721 985 3779 aetate
1007 3715 1113 3779 eadem
1135 3716 1197 3778 lero
1218 3714 1336 3778 ratione
1358 3714 1515 3779 exstitisse
1537 3722 1696 3779 consenta-

541 3850 634 3891 neum
663 3836 723 3910 est,
754 3828 798 3891 ita
820 3835 855 3892 ut
876 3834 982 3913 poetae
1011 3827 1049 3891 ad
1078 3834 1193 3892 actores
1224 3825 1374 3891 docendos
1397 3826 1435 3890 de
1456 3826 1573 3891 caussis
1596 3827 1697 3891 nescio

540 3941 653 4025 quibus
683 3961 744 4005 non
772 3940 847 4003 satis
869 3940 977 4004 idoneo
1005 3939 1183 4003 subveniret
1210 3939 1419 4023 protagonista
1445 3945 1596 4022 tanquam
1618 3942 1696 4003 betet-

542 4059 653 4124 oanlo;
675 4053 762 4116 alter.
806 4052 902 4116 Cuius
925 4072 1000 4135 opus
1021 4051 1159 4115 fabulam
1174 4050 1279 4115 dooere
1293 4050 1450 4115 dicebatur
1471 4051 1696 4129 auertissen-

541 4172 637 4253 ἄγειν,
665 4168 812 4229 διδάσκειν
835 4166 868 4228 τὸ
893 4168 992 4250 δρᾶμα
1015 4167 1064 4228 διά
1086 4188 1174 4234 τινος.
1221 4163 1320 4239 Quare
1342 4162 1511 4227 secundum
1528 4162 1698 4246 Didymum

541 4301 589 4364 ap.
613 4278 706 4342 schol.
730 4276 807 4339 Rau.
833 4277 914 4339 1028
948 4277 1031 4347 θέσις
1054 4307 1095 4334 =
1117 4279 1240 4347 κάῦεοις
1262 4303 1302 4331 =
1326 4277 1511 4342 deducamini.
1556 4274 1618 4337 Cfr.
1641 4266 1699 4337 Ca-

541 4390 668 4453 saubon.
697 4389 718 4452 1.
741 4389 762 4452 1.
790 4387 972 4451 1111111111.
995 4388 1016 4451 l.
1039 4389 1060 4452 l.
1090 4388 1197 4453 Paullo
1225 4388 1319 4453 aliam
1347 4389 1432 4452 viam
1459 4387 1617 4470 ingressus
1639 4387 1697 4450 Th.

541 4501 641 4565 Koch:
665 4502 711 4565 De
732 4500 893 4564 Philonide
915 4508 947 4562 ot
968 4500 1152 4583 Callistrato,
1178 4502 1270 4583 1855,
1293 4522 1390 4583 quum
1411 4499 1606 4564 Philonidem
1628 4522 1698 4586 poe-

541 4617 606 4675 tam
633 4612 728 4678 fuisse
743 4632 873 4698 suoque
900 4610 1023 4677 nomine
1051 4613 1267 4701 Aristophanis
1295 4614 1414 4680 fabulas
1444 4618 1475 4677 et
1503 4611 1642 4681 docuisse
1671 4621 1700 4679 et
