4484 5467
659 619 703 673 DE
720 620 891 674 IVDIGIBVS
909 620 1171 676 Arnuulunsrvrr
1188 621 1370 687 nussvsovu
1389 622 1617 676 Ivnrclnulsvs
1659 625 1719 686 117

556 791 742 876 quaginta3'-
759 792 781 855 i.
800 806 836 855 e.
864 800 984 878 praeter
1014 795 1184 860 ordinarias
1210 796 1359 879 cuiusque
1381 794 1549 880 prytaniae'
1569 800 1720 879 quattuor

557 903 719 979 conciones
741 904 878 987 singulos
901 904 965 969 dies
989 896 1292 991 singulis-prytaniis
1314 914 1400 971 extra
1428 907 1576 986 ordinem.
1621 909 1718 985 Quem

539 1029 724 1079 'numerum
746 1015 951 1081 Athenienses
974 1017 1154 1102 plerumque
1183 1015 1277 1084 eoacti
1305 1026 1393 1083 erant
1420 1041 1481 1083 non
1509 1026 1575 1083 tam
1596 1020 1718 1084 trioboli

557 1149 672 1193 amore*
686 1148 787 1211 quam
796 1132 976 1212 temporum
998 1129 1164 1213 angustiis,
1190 1131 1328 1195 ¹multum
1350 1130 1492 1194 excedere
1519 1130 1564 1214 (v.
1587 1131 1717 1194 Boeclrh.

556 1233 578 1303 l.
607 1238 629 1303 l.
658 1244 689 1303 et
711 1255 803 1323 quem
825 1239 964 1305 laudauit
984 1241 1093 1305 Aeseh.
1117 1244 1184 1328 περὶ
1206 1247 1391 1331 παραπρεσβ.
1414 1265 1443 1328 p.
1462 1242 1555 1325 251).
1600 1242 1717 1318 Quibus

558 1349 671 1414 diebus
682 1371 753 1416 uero
765 1351 869 1415 concio
881 1360 1044 1417 convocata
1060 1360 1125 1418 erat
1141 1354 1247 1439 populi
1266 1353 1516 1434 extraordinaria,
1532 1353 1647 1417 iudicia
1661 1354 1717 1417 ha·

536 1463 718 1527 .bita·.·essez
732 1483 794 1555 non
815 1469 945 1547 possunt
967 1485 1067 1548 quum
1085 1471 1208 1550 propter
1231 1444 1626 1549 mercedisaequalitatem,
1649 1471 1716 1529 turn

535 1594 542 1631 .·
556 1580 682 1659 propter
697 1574 793 1669 ‘ciues
820 1574 918 1659 ipsos,
948 1576 1002 1658 qui
1030 1577 1201 1641 concionari
1229 1584 1260 1641 et
1288 1578 1422 1641 iudicare
1451 1575 1556 1640 eodem
1584 1577 1714 1657 dienen

556 1680 708 1772 poterant.
752 1686 922 1750 Numerum
945 1687 1190 1762 ecelesiastarum
1216 1689 1386 1754 Boeolrhius
1417 1691 1486 1753 fere·
1507 1694 1572 1753 octo
1594 1689 1716 1753 milium

557 1798 779 1863 luisse'eenset
800 1798 821 1861 l.
845 1798 883 1877 l.;
905 1799 1001 1864 immo
1023 1820 1084 1863 non
1107 1800 1205 1864 multo
1227 1801 1330 1885 plures
1352 1823 1406 1865 sex
1433 1801 1560 1865 milibus
1581 1801 1716 1885 plerum-

557 1930 618 1993 que
641 1930 705 1974 esse
727 1909 871 1994 potuisse.
909 1910 975 1974 Iam
996 1911 1068 1975 licet
1089 1912 1129 1975 ad
1150 1912 1341 1985 ecclesiastes
1370 1914 1464 1977 etiam
1478 1907 1620 1976 'iuniores
1634 1911 1718 1975 intra
1768 1916 1772 1924 '

557 2020 648 2085 XXX
670 2020 856 2085 annos-nati
878 2022 1092 2106 pertinuerint,
1116 2023 1307 2087 lieri'tamen
1331 2045 1391 2105 non
1414 2024 1528 2109 potuit,
1550 2030 1586 2087 ut
1608 2024 1716 2087 ciuitas

556 2133 593 2197 in
613 2132 688 2197 duas
706 2131 899 2197 divideretur
920 2140 1031 2219 partes,
1055 2135 1199 2197 iuventus
1215 2110 1420 2215 concionibus,
1443 2142 1527 2199 aetas
1548 2134 1717 2219 provectior

557 2243 682 2309 iudiciis
704 2244 899 2308 tribueretur.
943 2246 987 2310 nt
1008 2241 1133 2310 luerunt
1155 2246 1237 2310 haud
1260 2247 1361 2311 dubie
1380 2246 1475 2310 iidem
1503 2246 1585 2309 cives
1615 2250 1645 2307 et
1668 2245 1736 2332 iu-¹

557 2355 650 2421 dices&
663 2360 694 2419 et
716 2356 938 2438 concionantes,
961 2361 997 2419 ut
1019 2356 1082 2421 iam
1103 2380 1197 2442 supra
1219 2358 1369 2443 explicare
1391 2357 1511 2436 studui3
1534 2378 1606 2421 nem
1629 2376 1716 2441 prae·

555 2474 604 2531 ter
627 2489 692 2541 coe,
715 2467 769 2552 qui
792 2469 891 2534 causis
914 2468 1102 2552 quibuslibet
1125 2469 1385 2554 impediebantur,
1409 2469 1574 2553 quominus
1596 2487 1715 2533 summo

557 2579 635 2645 civis
651 2579 757 2657 officio,
773 2580 875 2644 euriae
890 2585 920 2643 et
934 2580 1092 2659 tribunali,
1114 2582 1347 2659 satisfacerent,
1370 2580 1614 2665 quattuordecim
1630 2578 1716 2641 milia

541 2689 746 2755 ‘civiumnut
779 2693 911 2756 Athenis
946 2692 1103 2775 degerent,
1139 2693 1193 2776 qui
1226 2693 1412 2778 reipublicae
1447 2693 1575 2776 negotiis
1588 2724 1594 2731 -
1609 2690 1716 2753 vacare

556 2801 742 2889 potuissent,
765 2803 889 2868 nullum
911 2805 972 2867 fere
994 2809 1116 2888 tempus
1139 2803 1208 2881 scio,
1228 2805 1313 2887 quod
1335 2804 1468 2889 potuerit
1489 2802 1691 2894 permitteres

647 2914 765 2978 Deinde
788 2915 894 2979 multis
917 2920 1073 3000 praeterea
1096 2914 1202 2978 diebus
1225 2915 1340 2979 iudicia
1367 2917 1477 2980 habere
1506 2913 1594 2977 cives.
1613 2912 1717 2994 prohi-

559 3027 619 3091 biti
640 3027 770 3106 fuerint3
793 3048 981 3111 quamquam
1004 3026 1233 3090 Hudtwalelreri
1256 3026 1369 3110 (Diaet.
1393 3049 1422 3110 p.
1447 3024 1500 3105 30)
1522 3023 1716 3098 sententiam,

558 3144 624 3204 toto
647 3159 753 3202 mense
776 3138 1010 3224 Scirophorione
1032 3138 1189 3203 iustitium
1211 3137 1314 3215 fuisse,
1336 3131 1547 3200 Boethiusl.
1567 3132 1587 3193 l.
1608 3154 1637 3215 p.
1655 3133 1716 3195 253

559 3252 628 3315 iure
651 3271 712 3314 suo.
728 3250 889 3335 improbat.
933 3250 1051 3314 Hiemis
1074 3258 1105 3313 et
1127 3250 1207 3314 veris
1235 3256 1384 3335 tempore,
1412 3264 1509 3328 quum
1537 3243 1717 3327 spectaculis

560 3361 694 3448 populus
717 3360 926 3443 delectaretur,
957 3363 1179 3426 noune'multo
1200 3362 1302 3447 plures
1329 3358 1408 3433 dies7
1432 3377 1525 3439 quarn
1554 3354 1644 3435 vulgo
1672 3354 1716 3432 nt,

561 3473 745 3559 spectaculis
779 3473 962 3537 concedendi
996 3480 1084 3556 sunt,
1125 3474 1244 3556 magnis
1273 3468 1460 3553 praesertim
1495 3464 1651 3547 Dionysiis
1671 3467 1743 3548 ‘'et-

561 3583 712 3650 Lenaeis?
749 3584 943 3670 Tempestate
976 3586 1102 3669 quidem
1131 3586 1211 3649 mala
1239 3580 1354 3645 iudices
1372 3574 1444 3642 ‘non
1473 3572 1718 3655 deterrebantur3
1761 3570 1763 3574 ’

562 3719 660 3762 senex
682 3697 734 3760 ille
757 3697 906 3779 choragns
927 3697 961 3760 in
984 3697 1078 3761 Arist.
1102 3698 1193 3778 Vesp.
1217 3694 1288 3769 260,
1312 3687 1467 3755 cui'filius
1489 3688 1647 3752 clamarit:

757 3810 806 3873 τὸν
830 3809 936 3894 πηλόν,
962 3811 986 3871 ὦ
1010 3812 1101 3893 πάτερ
1123 3808 1223 3890 πάτερ,
1246 3805 1363 3868 τουτονὶ
1385 3801 1529 3888 odierint!

564 3920 698 4007 placide:
721 3920 793 3985 ἀλλ’
819 3922 923 3985 οὑτοσί
947 3927 1001 4007 por·
1021 3919 1169 4007 βόρβορος
1191 3916 1324 4002 φαίνεται
1347 3918 1499 3990 πατοῦντι,

720 4032 795 4096 κούκ
819 4032 890 4096 ἔσθ’
916 4033 999 4101 ὅπως
1022 4031 1080 4117 οὐχ
1102 4032 1226 4115 ἡμερῶν
1249 4029 1395 4111 τεττάρων
1418 4026 1451 4088 τὸ
1474 4030 1613 4088 πλεῖστον

721 4145 803 4230 ὕδωρ
826 4144 996 4227 ἀναγκαίως
1020 4141 1156 4227 ἔχειτὸν
1180 4140 1250 4204 θεὸν
1274 4144 1409 4222 ποιῆσαι.

723 4255 818 4330 ἔπεισι
841 4259 914 4339 γοῦν
937 4259 1031 4318 τοῖσιν
1056 4253 1178 4340 λύχνοις
1201 4253 1296 4316 οὑτοιὶ
1319 4251 1456 4336 μύκητες,

723 4365 753 4450 *)
776 4370 858 4456 φιλεῖ
879 4365 919 4443 δ’,
943 4364 1012 4429 ὅταν
1036 4364 1120 4429 τοῦτ’
1143 4362 1178 4449 ᾖ,
1201 4368 1296 4428 ποιεῖν
1322 4363 1404 4426 ὑετὸν
1430 4364 1567 4446 μάλιστα,

565 4484 624 4493 ...-

636 4522 660 4587 ’)
683 4523 740 4576 Nou
763 4524 832 4574 recte
849 4521 1007 4588 Hirscbigius
1030 4521 1098 4572 hunc
1119 4534 1222 4571 versum
1244 4518 1358 4586 spurium
1381 4530 1436 4567 esse
1459 4513 1594 4566 iudicavit:
1623 4514 1724 4578 eareqie

566 4611 637 4663 enim
660 4608 692 4660 ad
719 4606 892 4676 garrulitatem
919 4622 1007 4660 senum
1035 4604 1221 4674 depingendam
1244 4603 1324 4666 ralet3
1352 4616 1433 4667 neque
1456 4604 1541 4651 tamen
1565 4615 1622 4651 cum
1648 4600 1724 4650 Petro
