4484 5467
540 623 600 686 158
924 611 1113 666 rnersccu.
1147 611 1259 666 esrvr
1277 611 1315 666 ιι

538 794 624 870 vill,
656 795 693 854 lt)
715 788 778 852 alia
798 805 920 872 οιιοοιιο
940 783 1127 848 calculorum
1149 801 1259 864 genera
1281 790 1465 868 enumerat,
1494 795 1531 852 ut
1552 791 1669 872 appareat,

538 903 740 970 Athenienses
762 900 810 962 his
833 899 865 962 iu
888 897 978 960 rebus
999 900 1174 960 constantes
1195 892 1254 958 sibi
1276 885 1339 962 ιιοιι
1359 895 1476 962 misse.

622 1015 688 1079 Hes
709 1011 804 1094 igitur
825 1008 972 1086 calculos,
1000 1009 1065 1072 sire
1087 1003 1185 1092 lapilli
1214 1005 1355 1088 fuerumt,
1386 1007 1458 1073 sive
1488 1001 1616 1076 conches
1631 1001 1672 1074 siit

537 1131 633 1206 fabae,
653 1127 753 1192 tribus
774 1121 890 1204 digitis,
912 1128 948 1185 ut
969 1126 1081 1186 natura
1101 1119 1146 1183 rei
1167 1119 1234 1196 fert,
1256 1119 1427 1188 sumebant
1448 1119 1579 1190 iudices
1596 1121 1674 1192 sX}

537 1243 618 1307 thius
641 1261 669 1303 ι’.
692 1239 749 1302 94:
1571 1227 1592 1260 ¹·

743 1349 800 1412 ὑπὸ
822 1350 876 1410 τοῦ
901 1345 1008 1428 δὲτὴν
1031 1341 1134 1429 ψῆφόν
1156 1341 1187 1426 γ’
1213 1341 1293 1428 ἔχειν
1316 1343 1467 1409 εἰωθέναι
1491 1385 1493 1390 -
1529 1339 1534 1346 ’
1561 1409 1563 1414 ,
1594 1365 1610 1394 ·-

741 1460 814 1530 τοὺς
833 1462 910 1544 τρεῖς
933 1455 1065 1541 ξυνέχων
1086 1457 1147 1518 τῶν
1170 1455 1323 1521 δακτύλων
1345 1453 1522 1522 ἀνίσταται.
1558 1451 1561 1458 ’

538 1574 639 1640 Schel.
653 1573 745 1636 Vcen
767 1571 885 1639 τούτοις
905 1569 963 1654 γὰρ
978 1589 1156 1652 κατιογοοοι
1170 1566 1222 1637 τὰς
1238 1569 1358 1652 βηρους
1376 1569 1405 1631 οἱ
1422 1563 1578 1649 δικασταί,
1597 1575 1680 1656 edire

537 1691 639 1772 -ρ,άλῳ
660 1687 843 1770 τῷλιχανῷ
862 1682 913 1745 καὶ
933 1703 977 1766 τοι
1001 1679 1099 1764 utcu:
1128 1676 1258 1757 seilicet,
1285 1677 1414 1762 quaudo
1434 1679 1613 1812 eeuieeturi
1630 1683 1681 1744 sut

538 1795 721 1864 caleulum
713 1816 746 1858 ιιι
768 1792 938 1858 vasculum.
1573 1829 1576 1834 .

624 1907 824 1992 decipiebant
845 1908 964 1984 autem,
992 1907 1144 1987 utsupra
1165 1901 1290 1980 monui,
1318 1899 1459 1968 calculos
1482 1895 1578 1974 biues
1598 1927 1615 1970 s
1636 1905 1683 1976 tte

538 2022 691 2088 smetheta
712 2018 840 2101 eiusque
854 2013 1014 2080 ministris.
1052 2013 1088 2076 ln
1110 2013 1224 2097 quibus
1245 2031 1316 2078 vere
1338 2013 1444 2079 causis
1470 2007 1684 2104 suffragines!

539 2141 604 2201 erat
625 2131 751 2218 duplici,
774 2129 868 2193 iidem
890 2125 1000 2191 calculi
1021 2125 1227 2189 reddebantur
1240 2123 1406 2204 iudicibus,
1430 2134 1509 2212 pest
1524 2129 1685 2196 ἰνιιιιιιιιιι
1724 2140 1726 2146 ’

539 2247 748 2324 meratienem,
771 2241 824 2325 qui
845 2239 954 2304 iisdem
972 2237 1105 2302 alterum
1119 2236 1300 2319 suffragium
1313 2237 1440 2304 ferrent
1480 2241 1601 2325 (Aliter
1613 2239 1686 2307 dide

541 2367 572 2423 ιι
592 2357 729 2421 Scheem.
752 2353 772 2416 l.
787 2354 808 2417 l.
831 2375 861 2437 p.
885 2353 947 2415 725
962 2350 1023 2434 sq.)
1066 2349 1153 2427 Quod
1176 2367 1363 2433 quamquem
1384 2369 1451 2416 nen
1477 2353 1575 2420 video
1595 2373 1614 2418 e
1631 2369 1688 2438 qne·

541 2491 634 2554 quam
655 2465 818 2542 traditum,
840 2471 943 2527 tamen
966 2463 1011 2526 ita
1032 2461 1110 2526 mihi
1132 2466 1258 2546 apparet
1278 2460 1471 2527 conveniens
1495 2470 1531 2532 et
1553 2471 1688 2532 ιοιιιιιιιι-

540 2602 634 2647 neum
655 2597 729 2654 esse,
751 2581 787 2639 ut
807 2574 992 2639 testimoniis
1013 2572 1138 2638 omnine
1159 2593 1222 2638 non
1244 2579 1339 2656 egeat.
1509 2584 1512 2590 '
1582 2619 1585 2626 ,

623 2686 838 2771 Aristophanis
866 2685 958 2750 illud.
989 2685 1124 2770 αἰγιαλὸν
1154 2684 1240 2752 ἔνδον
1267 2685 1367 2772 τρέφει
1393 2690 1482 2756 reete
1512 2687 1608 2755 schel.
1628 2617 1687 2752 Rar.

539 2803 664 2884 iudicat,
687 2821 783 2885 quum
800 2798 876 2863 dicit
896 2799 969 2872 παίζ
954 2804 1005 2876 (m
1027 2797 1072 2861 ὅτι
1085 2801 1208 2862 πλεῖστα
1230 2796 1309 2882 ἦσαν
1331 2799 1514 2886 δικαστήρια
1536 2800 1689 2888 ’Amas

539 2916 580 2980 Et
601 2916 668 3000 ipsa
689 2933 782 2977 causa
803 2911 914 2975 canina
935 2910 969 2972 in
990 2909 1100 2994 i'espis
1123 2908 1209 2973 decet
1230 2909 1419 2991 suffragandi
1434 2917 1625 2996 patestatem
1643 2931 1690 2976 neu

540 3028 584 3091 ita
605 3026 733 3090 liberam
755 3024 864 3104 fuisse,
893 3028 929 3086 ut
949 3020 1052 3104 quivis
1075 3022 1209 3105 αἰγιαλὸν
1231 3020 1419 3088 οοΙοιιΙοιιιιιι
1440 3043 1556 3090 scetem
1577 3025 1690 3098 veheret,

540 3140 652 3225 quibus
681 3137 720 3202 ad
748 3135 911 3199 arbitrium
938 3140 1040 3219 posset
1064 3133 1124 3199 uti.
1172 3131 1333 3215 Bdelyclee
1360 3123 1476 3216 enim(
1499 3155 1603 3220 quum
1627 3132 1691 3222 peti

539 3249 692 3315 caleulum
712 3246 828 3324 tradat,
861 3246 948 3310 decet
968 3250 1088 3330 patrem
1110 3265 1145 3310 ee
1167 3245 1305 3310 nendum
1327 3244 1522 3312 instructum
1545 3267 1625 3327 esses
1650 3244 1692 3331 qui

538 3370 643 3426 tamen
664 3365 779 3423 ceteras
805 3379 853 3422 res
881 3365 952 3422 aute
974 3378 1068 3441 quam
1089 3378 1183 3421 causa
1204 3363 1344 3439 ageretur
1374 3356 1435 3421 sibi
1450 3363 1693 3446 compararent:

540 3474 613 3543 τοὺς
634 3471 805 3546 καδίσκους,
827 3473 879 3555 τὴν
900 3470 1079 3556 κλεψύδραν,
1101 3468 1172 3533 alia.
1620 3513 1622 3518 .

625 3582 737 3646 XXIV.
780 3582 825 3645 De
856 3582 974 3645 ratione
1001 3580 1134 3666 denique
1162 3579 1299 3662 suffragii
1326 3578 1445 3643 ferendi
1462 3582 1587 3648 statim
1615 3597 1694 3667 expo·

542 3714 625 3777 narn,
647 3693 701 3758 ubi
724 3693 761 3758 de
783 3695 921 3766 motolo,
944 3713 1038 3776 quam
1059 3692 1229 3756 mercedem
1253 3711 1306 3777 pro
1333 3689 1461 3762 calculis
1482 3692 1639 3760 immissis
1657 3711 1695 3764 ss·

542 3827 602 3870 nex
634 3825 738 3870 seeum
771 3805 895 3869 demum
929 3825 946 3867 e
974 3804 1135 3869 disasterie
1168 3805 1241 3886 fert,
1275 3823 1372 3887 pauca
1404 3801 1566 3871 addidere.
1612 3804 1695 3870 Cuius

540 3919 684 4003 frequens
706 3917 789 4003 apud
810 3917 968 3982 Comicum
990 3916 1106 3980 mentio
1129 3921 1228 3980 estet
1256 3912 1409 3978 heliastici
1437 3919 1470 3979 et
1494 3915 1696 3983 ecclesiastici

540 4032 588 4097 lta
617 4029 805 4108 coniunctim
832 4035 999 4111 utrumque
1028 4033 1156 4092 vocatur
1183 4028 1219 4091 τὰ
1240 4029 1390 4116 τριώβολα
1412 4026 1474 4090 Ar.
1500 4029 1607 4108 1541‚·
1636 4028 1697 4092 licet

540 4143 634 4211 schel.
662 4142 738 4207 Rav.
767 4141 892 4204 habeat:
917 4142 992 4226 ἅπερ
1021 4141 1193 4228 ἐλάμβανον
1223 4141 1252 4202 οἱ
1278 4140 1373 4225 κριταὶ
1402 4139 1429 4202 οἱ
1458 4139 1491 4203 ἐν
1513 4141 1626 4228 ἡλιαία
1646 4139 1696 4226 κρί-

541 4283 639 4329 νοντες
661 4258 702 4327 εἰς
727 4253 848 4341 cecide:
877 4259 908 4315 ct
929 4249 1033 4335 paullo
1054 4256 1126 4314 ante
1148 4249 1230 4313 idem
1252 4249 1292 4313 ad
1313 4251 1363 4314 τὸν
1385 4247 1601 4339 κωλακρὲτρνί
1627 4251 1697 4339 Ἀρι·

543 4374 692 4458 στοράνης
716 4369 732 4431 ὁ
754 4365 961 4452 γραμματικὸς
982 4361 1108 4431 τούτους
1129 4362 1238 4447 ταμίας
1261 4361 1338 4426 εἶναι’
1359 4385 1433 4447 φησι
1454 4366 1512 4425 τοῦ
1529 4365 1697 4430 &recursi

543 4485 667 4569 μισθοῦ.
711 4480 755 4544 At
778 4475 919 4542 Comicus
942 4478 996 4538 aut
1017 4474 1050 4537 τὸ
1074 4473 1238 4560 τριώβολον
1265 4478 1408 4558 usurpet,
1439 4473 1522 4558 quod
1552 4475 1698 4560 significet

540 4594 711 4659 mercedem
741 4598 771 4657 et
798 4588 990 4656 heliasticanr
1014 4592 1044 4650 et
1066 4583 1317 4662 eeclesiasticam,
1341 4591 1395 4650 aut
1420 4588 1436 4650 ὁ
1462 4587 1576 4674 μισθός
1599 4588 1697 4654 eadem
