4484 5467
676 626 721 680 Dll
738 625 969 682 Phnsouhnvu
985 628 1249 685 Dishnlssvrlohs
1265 631 1302 685 IN
1320 621 1438 686 vespis
1456 634 1565 690 ARIST.
1657 638 1697 702 3'1

536 820 590 870 tes
613 804 693 865 sorte
714 798 915 881 eligebantur,
936 800 1058 884 reliqui,
1078 802 1107 867 si
1128 802 1241 886 quihus
1262 802 1442 887 indigebant
1455 812 1570 889 poetae,
1593 810 1699 874 acho·

536 933 616 996 rago
636 912 677 977 ad
697 911 795 997 ipsius
817 910 979 977 arbitrium
1000 912 1206 996 addebantur,
1235 936 1331 1000 eaque
1357 923 1515 1000 uocantur¹
1527 943 1699 1007 παραχορη·

538 1028 683 1111 γήρστα,
706 1024 999 1091 ausserordentliche
1020 1025 1208 1110 Leistrmgen
1229 1026 1282 1093 des
1305 1027 1472 1111 choregen.
1526 1060 1528 1064 ·
1586 1016 1588 1019 Α

631 1136 684 1200 IV.
719 1135 820 1215 Perre,
843 1136 871 1202 si
884 1136 1121 1202 Demosthenem
1142 1138 1351 1225 respiciamus,
1373 1141 1613 1225 protagonistam
1630 1144 1699 1228 qui·

538 1249 615 1314 dem
644 1248 780 1334 primum
796 1267 842 1314 ac
868 1248 1169 1333 praestantissimum
1195 1256 1327 1317 actorem
1354 1252 1546 1333 vocabimus,
1576 1274 1699 1321 verum-

536 1368 648 1427 tamen
669 1361 896 1443 tritagonistam
915 1361 1084 1447 pessimum
1106 1360 1155 1427 vel
1177 1349 1325 1428 minimae
1354 1364 1552 1438 auctoritatis.
1565 1372 1700 1432 actorem

537 1473 679 1542 iudicare
705 1473 744 1537 ah
770 1472 888 1539 eodem·
902 1473 1108 1558 prohibemur.
1151 1474 1363 1558 Protagonista
1389 1476 1474 1541 enim
1501 1477 1528 1542 is
1556 1482 1617 1558 est,
1646 1480 1700 1564 qui

537 1584 665 1672 proprie
697 1584 812 1651 dieitur
834 1586 995 1673 ὑποκριτὴς
1024 1587 1236 1674 ὑποκρίνεσθαι
1269 1589 1306 1653 τὰ
1333 1591 1486 1676 δράρατατ
1527 1588 1698 1678 Ἀντιγόνην

539 1700 576 1765 δὲ
600 1698 795 1785 Σοφοκλέους
816 1700 961 1768 πολλάκις
990 1700 1044 1783 μὲν
1060 1698 1234 1787 Θείδωροςρ
1252 1703 1397 1772 πολλάκις
1418 1702 1452 1765 δὲ
1482 1699 1700 1789 Ἀριστόδημος

540 1812 744 1897 ὑποκέκριται,
772 1834 803 1875 π.
831 1813 1016 1898 παρατρεσβ.
1037 1831 1068 1896 ρ.
1095 1812 1159 1876 418
1187 1812 1223 1875 Β.
1250 1817 1282 1876 et
1308 1812 1411 1897 paullo
1437 1833 1532 1898 supra
1553 1820 1642 1879 τοῦτο
1665 1816 1699 1879 τὸ

539 1926 645 2010 δρᾶρσ
656 1921 855 2007 (Phoenicem
864 1920 1037 2007 Euripidis)
1048 1923 1242 1989 οὐδεπώποτε
1265 1922 1334 1990 οὔτε
1356 1924 1517 2011 Θεόδωρος
1540 1924 1609 1990 οὔτε
1622 1925 1699 2014 Ἀρι·

541 2034 696 2121 ecdippa<
724 2034 925 2121 ὑπεκρίναντο.
981 2034 1068 2111 Quod
1100 2034 1177 2120 ipsis
1207 2040 1367 2121 poetarum
1398 2037 1586 2122 temporibus
1617 2038 1700 2103 idem

539 2146 638 2217 tuisse
660 2152 691 2210 et
712 2145 965 2231 inscriptionibus
987 2148 1185 2212 confirmatur
1208 2154 1239 2213 et
1259 2169 1313 2233 per
1334 2168 1367 2213 se
1389 2155 1630 2214 consentaneum
1644 2156 1698 2215 est

538 2258 614 2324 vid.
634 2279 728 2343 supra
749 2280 815 2344 cap.
836 2260 860 2326 1.

629 2369 689 2435 Sed
711 2377 810 2436 orator
832 2371 926 2436 etiam
947 2371 1039 2436 verbo
1061 2373 1264 2456 ἀγωνίζεσθαι
1285 2372 1389 2437 utitur.
1405 2392 1460 2457 pro
1477 2374 1700 2460 ὑποκρίνεσθαι,

538 2483 561 2550 l.
584 2482 606 2546 l.
630 2484 707 2548 ἀλλὰ
729 2483 843 2549 Μόλων
865 2485 1032 2570 ἠγωνίζετο
1055 2485 1104 2549 καὶ
1125 2486 1151 2549 εί
1173 2487 1210 2570 δή
1227 2510 1270 2555 τις
1292 2484 1384 2556 ἄλλος
1399 2490 1457 2551 τῶν
1475 2490 1612 2550 παλαιῶν
1629 2488 1698 2551 ὑπο·

538 2599 661 2682 κριτῶν.
711 2583 748 2661 Ol
776 2598 899 2662 παλαιοὶ
933 2596 1037 2682 ὑποκρ.
1078 2613 1185 2662 rursus
1212 2596 1357 2661 dicuntur
1390 2600 1418 2661 οἱ
1432 2600 1699 2683 πρωταγωνισταί,

538 2706 656 2792 quippe
678 2708 731 2790 qui
754 2707 788 2771 in
810 2707 998 2792 superiorem
1018 2708 1102 2773 hunc
1124 2688 1262 2773 ordinem
1283 2714 1421 2773 actorum
1442 2709 1608 2794 paullatim
1628 2716 1698 2773 tan-
1764 2781 1766 2784 Α

538 2839 637 2904 quam
666 2818 741 2898 bene
769 2819 873 2888 meriti
902 2820 1111 2887 ascenderant.
1155 2821 1214 2886 His
1247 2822 1342 2904 igitur
1375 2828 1493 2885 actores
1520 2821 1700 2886 inferiorum

539 2931 686 3001 ordinum
709 2931 825 2997 addicti
847 2938 929 3012 sunt,
953 2932 1215 3015 deuteragonistae
1237 2932 1344 3024 istiet
1366 2933 1591 3015 tritagenistae,
1614 2933 1700 2997 eirca

538 3043 757 3109 Demosthenis
771 3050 916 3130 tempora
942 3051 974 3109 et
999 3043 1130 3129 Lycurgi
1158 3043 1348 3129 sospitatoris
1376 3045 1515 3109 mercede
1547 3045 1698 3124 conducti,

539 3158 610 3241 περὶ
632 3159 779 3243 στεφάνου
814 3178 844 3242 p.
867 3158 945 3223 314:
976 3160 1134 3244 μισθώσας
1155 3155 1352 3241 (Aeschines)
1374 3158 1463 3222 αὑτὸν
1479 3162 1543 3228 τοῖς
1559 3157 1699 3244 βαρυστό-

539 3293 607 3340 νοις-
632 3269 883 3354 ἐπικαλουγιένοις
910 3271 1034 3340 ἐκείνοις
1067 3270 1254 3356 ὑποκριταῖς,
1288 3269 1412 3354 Σιρὺλιρ
1453 3270 1503 3333 καὶ
1535 3268 1700 3355 Σωκράτει,

539 3382 810 3466 ἐτριταγωνίστειςι
840 3387 871 3446 et
897 3403 952 3466 per
973 3387 1108 3467 tempus,
1138 3387 1174 3445 ut
1195 3380 1327 3459 videtur,
1349 3381 1424 3446 satis
1444 3380 1571 3463 longum
1593 3381 1700 3445 eodem

539 3494 598 3560 hoc
626 3513 753 3560 munere
781 3494 952 3576 fungentes,
981 3496 1048 3580 περὶ
1075 3518 1206 3579 παραπρ.
1233 3515 1263 3579 p.
1291 3494 1371 3557 418:
1402 3494 1448 3564 οἷς
1475 3493 1647 3577 (Theodoro
1668 3499 1700 3558 et

539 3604 751 3689 Aristodemo)
780 3605 870 3677 οὗτος
890 3605 1086 3691 (Aeschines)
1108 3607 1145 3670 τὰ
1166 3607 1248 3693 τρίτα
1270 3606 1367 3691 λέγων
1397 3605 1569 3671 διετέλεσεν.
1613 3606 1700 3681 Quod

539 3718 610 3804 ipsa
626 3721 785 3802 poetarum
797 3723 896 3782 aetate
911 3716 1014 3803 paullo
1036 3716 1125 3781 aliter
1139 3719 1258 3799 evenit3
1281 3738 1468 3802 quamquam
1490 3716 1574 3781 enim
1595 3723 1699 3801 poetas

539 3828 680 3911 singulos
700 3830 762 3899 fere
784 3851 854 3895 suos
877 3830 1021 3896 habuisse
1043 3836 1158 3894 actores
1179 3828 1346 3893 verisimile
1373 3837 1434 3907 est,
1457 3850 1556 3913 neque
1577 3836 1700 3895 tautum

540 3940 674 4026 quisque
695 3942 1068 4027 pretagcnista‘utcbatur
1089 3942 1210 4024 eodem,
1238 3942 1290 4007 sed
1313 3941 1559 4023 deuteragonista
1579 3963 1699 4026 quoqne

540 4060 574 4117 ct
594 4052 797 4136 tritagonista,
820 4077 882 4121 non
904 4061 1007 4120 tamen
1030 4075 1130 4138 neque
1146 4060 1253 4139 poetae
1267 4075 1366 4138 neque
1380 4054 1606 4139 protagonistee
1619 4075 1700 4117 mer-

539 4164 648 4230 cedem
663 4166 848 4250 praebebant
862 4166 998 4250 reliquis,
1013 4166 1066 4232 sed
1078 4166 1236 4249 choragus,
1259 4171 1295 4229 ut
1314 4187 1331 4229 e
1346 4166 1454 4249 Lysiae
1465 4166 1700 4252 computatione,

541 4280 685 4362 ἀπολογ.“
700 4281 889 4367 δωροδοκίας
916 4301 946 4364 p.
970 4280 1048 4360 698,
1071 4300 1088 4342 e
1110 4278 1313 4343 Demosthene
1334 4280 1410 4360 κατὰ
1432 4278 1557 4343 Μειδίου
1580 4300 1610 4363 p.
1627 4278 1699 4355 534,

540 4411 581 4453 ex
602 4389 756 4456 Aeschine
778 4393 853 4457 κατὰ
876 4390 1034 4479 Τιμάρχου
1062 4390 1168 4478 p.435‚
1197 4389 1267 4453 aliis
1293 4390 1500 4455 certissimum
1522 4394 1577 4466 est,
1599 4398 1700 4472 ‘neque

538 4503 719 4570 infirmatur
740 4503 859 4568 levibus
889 4501 1121 4568 scholiastarum
1156 4502 1356 4584 testimoniis,
1389 4501 1479 4587 quale
1507 4501 1546 4564 ad
1574 4500 1699 4585 Dionys.

541 4616 618 4685 Thr.
639 4622 703 4684 :est
721 4616 809 4705 apud.
832 4614 927 4683 Bskk.
955 4614 1073 4681 Anecd.
1102 4636 1133 4704 p.
1163 4616 1240 4680 746:
1272 4616 1350 4703 ἦσαν
1379 4619 1439 4679 τῶν
1470 4616 1523 4699 ρὲν
1552 4620 1699 4702 τραγικῶν
