4484 5467
671 630 715 683 DE
732 630 964 692 PERSONARVH
980 633 1245 691 nisumssvrroue
1263 634 1299 690 lu
1318 634 1437 689 VESPIS
1454 635 1564 690 amur.
1605 623 1609 636 ’
1645 635 1694 702 ’41

538 800 624 887 quod
646 801 741 868 etiem
763 803 849 870 asino
871 806 987 894 ἡθὺρα
1008 812 1097 892 petet-
1113 826 1144 873 v.
1161 806 1223 873 179
1244 826 1311 891 sqq.
1354 804 1450 891 quue
1470 805 1565 873 luisse
1585 805 1640 888 ita,
1661 812 1698 873 ut

538 914 632 979 aedes
652 914 891 982 Atheniensium
913 938 976 983 nna
996 918 1178 1005 plerumque
1205 923 1366 984 uterentur
1386 918 1496 1001 ianua,
1523 923 1605 984 certe
1626 917 1697 983 nul·

537 1027 608 1093 lum
630 1027 756 1112 reperio,
779 1027 832 1113 qui
855 1028 967 1095 diserte
988 1038 1089 1115 neget.
1127 1031 1189 1098 cfr.
1211 1031 1245 1097 C.
1266 1030 1300 1097 F.
1320 1030 1427 1096 Herm.
1446 1029 1640 1116 Privataltq
1657 1031 1697 1095 19

538 1160 572 1226 p.
595 1140 639 1205 82
658 1160 726 1224 sqq.
769 1139 880 1207 Exsmt
900 1142 996 1226 igitur
1017 1166 1109 1210 soene
1130 1144 1206 1209 satis
1226 1143 1367 1229 simplex,
1389 1141 1479 1209 modo
1496 1163 1600 1209 servos
1621 1142 1698 1209 duos

536 1271 661 1337 semper
682 1256 754 1316 ante
775 1251 912 1332 ianuam,
935 1253 1043 1320 herum
1065 1276 1184 1341 semper
1206 1256 1240 1322 iu
1261 1255 1426 1321 coenaculo
1447 1254 1597 1322 restitisse
1618 1254 1697 1322 acci·

537 1363 619 1449 pias.
653 1362 710 1429 Bis
731 1363 873 1431 videmus
894 1387 1002 1432 somno
1022 1368 1136 1454 sopitos
1153 1374 1189 1434 et
1203 1368 1313 1435 herum
1334 1374 1365 1434 et
1379 1387 1491 1446 servos,
1514 1366 1562 1434 bis
1576 1366 1697 1433 eosdem

538 1479 775 1562 expergefactos,
798 1498 828 1541 v.
847 1478 906 1542 135
922 1485 953 1544 et
969 1501 998 1544 v.
1015 1479 1087 1544 395.
1125 1479 1212 1556 Quod
1227 1480 1316 1545 aliter
1338 1479 1404 1544 sreri
1427 1479 1544 1563 nequit,
1567 1478 1629 1543 nisi
1643 1478 1697 1544 he·

537 1610 612 1654 rum
634 1595 706 1653 ante
728 1588 812 1654 chori
834 1590 982 1674 paredum
1012 1612 1041 1657 v.
1065 1592 1129 1656 230
1150 1591 1262 1657 iterum
1290 1591 1324 1657 in
1346 1590 1508 1658 coenaculo
1535 1591 1696 1673 iacentem,

536 1722 644 1768 servos
671 1701 784 1766 iterum
812 1702 850 1770 ad
883 1702 1010 1769 ienuam
1037 1703 1223 1788 dormientes
1249 1702 1365 1770 videus.
1415 1702 1579 1789 Bdelyeleo
1603 1703 1697 1785 enim,

538 1814 617 1880 dum
639 1813 749 1880 chorus
770 1814 910 1896 queritur
922 1815 1118 1899 tyrannidem
1133 1814 1245 1901 populo
1259 1821 1291 1881 ot
1305 1814 1458 1882 iudicibus
1472 1815 1697 1893 imminentem,

537 1949 570 1993 v.
594 1927 775 2005 463-470,
797 1925 953 1994 descondit
974 1934 1006 1994 et
1019 1934 1087 1993 tum
1102 1927 1228 1993 demum
1249 1948 1371 1993 scenam
1393 1928 1499 2007 intrat,
1520 1928 1542 1992 i.
1559 1949 1586 1992 e.
1608 1926 1698 1992 cedes

537 2037 668 2123 reliquit
689 2060 718 2101 v.
741 2040 820 2102 471:
851 2038 916 2104 ἔσθ’
948 2040 1126 2112 deuenisse
1151 2043 1251 2127 μάχης
1273 2045 1334 2107 κτλ.
1356 2060 1512 2106 unacum
1533 2044 1634 2125 petre,
1663 2044 1699 2104 ut

539 2151 673 2233 videtur,
696 2150 749 2235 qni
773 2150 820 2216 bis
842 2150 993 2236 repulsus,
1016 2172 1205 2237 quamquam
1226 2173 1325 2236 aegre,
1347 2158 1384 2218 ut
1404 2150 1599 2217 induciarum
1614 2149 1697 2215 viam

538 2263 741 2348 ingrediatur,
764 2284 783 2327 a
804 2262 867 2328 filio
889 2270 1094 2349 permovetur.
1138 2266 1174 2329 ln
1195 2264 1264 2330 istis
1285 2285 1356 2348 ergo
1377 2262 1500 2350 proeliis
1521 2262 1548 2327 si
1563 2261 1646 2327 filius
1661 2260 1698 2325 de

537 2374 703 2441 coenaculo
725 2374 917 2461 imperatoris
939 2376 1061 2459 negotio
1082 2377 1206 2442 functus
1227 2382 1289 2460 est,
1317 2395 1476 2443 servorum
1496 2394 1617 2459 quoque
1639 2394 1698 2440 nu·

537 2509 644 2554 merus
666 2487 749 2552 idem
771 2487 813 2553 sit
833 2495 865 2553 et
884 2494 1023 2568 maneat,
1053 2510 1176 2556 neccsse
1197 2496 1253 2555 est.
1297 2489 1391 2554 Decet
1412 2493 1516 2553 eutem
1538 2486 1698 2552 dominum

539 2599 660 2665 domini
682 2604 784 2685 partes
806 2620 905 2683 egero.
947 2600 1055 2685 ltaque
1077 2601 1131 2686 qui
1153 2601 1313 2667 dominum
1334 2599 1516 2666 descendere
1538 2599 1646 2664 iubent
1666 2619 1697 2684 p.

538 2734 571 2777 v.
596 2712 673 2795 153,
702 2711 724 2775 ii
747 2710 880 2777 eundem
901 2733 972 2778 eum
994 2712 1132 2778 Xanthia
1152 2735 1280 2780 servos
1301 2735 1330 2779 v.
1354 2714 1416 2780 229
1437 2710 1519 2777 serui
1540 2710 1622 2776 vices
1643 2732 1695 2775 ex·

537 2825 632 2912 plere,
655 2824 694 2890 ad
716 2823 825 2891 domus
846 2845 920 2891 suae
947 2824 1074 2892 ianuam
1095 2826 1245 2892 excubare
1266 2825 1407 2910 servique
1434 2824 1533 2890 instar
1560 2822 1594 2888 in
1615 2828 1698 2887 terra

538 2937 674 3004 dormire
696 2936 815 3003 iubent.
857 2936 923 3002 Aut
944 2936 1053 3003 iubent
1074 2936 1179 3017 iidem,
1201 2936 1398 3022 quodetiam
1418 2936 1524 3002 minue
1545 2934 1697 3014 convenit,

541 3052 652 3116 herum
678 3049 719 3114 ed
746 3048 946 3114 coenaeulum
973 3048 1089 3128 redire,
1118 3070 1242 3115 serrum
1269 3071 1369 3115 unum
1396 3048 1539 3114 relietum
1567 3047 1698 3114 duorum

538 3183 656 3228 munus
684 3160 847 3246 suscipere.
892 3160 975 3227 Tum
1003 3182 1074 3227 vero
1102 3162 1206 3249 ipsum
1227 3161 1386 3227 Comieum
1406 3166 1517 3227 testem
1539 3159 1697 3238 habemus,

538 3274 613 3340 inde
636 3296 655 3339 a
675 3295 706 3339 v.
721 3274 783 3338 317
799 3272 914 3360 pariter
928 3280 1021 3359 atque
1035 3295 1064 3338 v.
1083 3275 1250 3340 144-229
1265 3279 1410 3358 quattuor
1431 3291 1576 3359 personas
1590 3270 1697 3355 egisse.

541 3387 696 3453 Philocleo
718 3386 813 3453 ianua
833 3407 905 3452 eum
926 3386 1013 3451 asino
1034 3386 1138 3470 egredi
1160 3386 1290 3452 sservis
1306 3386 1489 3472 prohibitus,
1510 3382 1698 3469 superiorem

540 3505 660 3587 partem
675 3498 806 3564 aedium.
820 3498 934 3564 iterum
948 3498 1085 3564 escendit
1107 3505 1138 3566 et
1158 3521 1213 3586 per
1226 3498 1300 3565 teeti
1322 3498 1446 3584 aliquod
1466 3499 1603 3563 toramen
1617 3498 1698 3580 frag-

539 3612 656 3678 mentis
681 3612 857 3695 tegulerum
883 3610 961 3697 petit
987 3632 1105 3691 servos,
1139 3632 1168 3677 v.
1197 3613 1259 3677 203
1289 3633 1354 3697 sqq.
1398 3612 1442 3678 At
1467 3610 1551 3677 idem
1582 3608 1699 3675 retibus

539 3723 681 3790 obductis
713 3724 765 3809 (v.
793 3724 876 3809 208)
910 3723 1075 3810 quominus
1109 3724 1144 3792 in
1176 3730 1293 3790 tectum
1325 3724 1484 3806 ascendat,
1522 3720 1699 3809 impeditur.

540 3838 650 3904 Manet
662 3836 758 3920 igitur
778 3856 858 3901 novo
872 3836 1035 3903 moliturus
1057 3836 1097 3903 ad
1118 3836 1175 3902 hoc
1196 3838 1347 3919 foramen,
1369 3858 1448 3922 quoe
1462 3836 1585 3903 videtur
1604 3835 1700 3900 ianne

539 3970 609 4016 esse
630 3970 670 4014 ex
690 3948 834 4015 interiore
856 3948 965 4014 domus
987 3955 1073 4034 parte
1094 3954 1211 4015 tectum
1233 3948 1363 4015 adituris
1377 3955 1500 4035 patens,
1522 3936 1576 4014 cfr.
1591 3948 1646 4014 Ar.
1661 3948 1698 4012 fr.

538 4063 662 4130 Aeolos.
695 4061 778 4147 apud
800 4060 982 4140 Pollue.·X,
1007 4061 1063 4141 25,
1086 4060 1197 4145 Bergk.
1225 4082 1274 4146 ap.
1296 4060 1429 4126 Meinek.
1452 4061 1536 4126 Com.
1557 4060 1603 4142 11,
1625 4060 1698 4125 948.

539 4175 739 4241 Xenarchum
767 4174 849 4260 apud
871 4173 986 4240 Athen.
1009 4174 1098 4257 Xlll,
1126 4175 1189 4239 569
1212 4174 1252 4253 Β,
1281 4173 1377 4239 Mein.
1400 4174 1485 4239 Gom.
1507 4173 1552 4237 lll
1572 4193 1602 4258 p.
1626 4173 1698 4249 617,

540 4294 635 4373 atque
656 4286 816 4353 foraminis
837 4286 1002 4353 cuiuslibet
1016 4308 1109 4352 sensu
1124 4285 1242 4352 dietum
1264 4308 1283 4350 a
1297 4285 1419 4353 Comico
1434 4287 1525 4371 Vesp.
1539 4286 1613 4351 350.
1625 4285 1698 4350 352.

538 4401 585 4467 he
605 4406 733 4466 vocetur
753 4400 847 4464 etiam
869 4402 889 4484 ἠ
913 4399 1000 4485 3υρὶς
1020 4419 1050 4463 v.
1074 4399 1147 4481 373,
1169 4419 1248 4483 quse
1270 4398 1300 4463 h.
1323 4398 1344 4464 l.
1367 4397 1473 4463 eadem
1495 4404 1543 4463 est
1562 4400 1697 4484 atqueq

538 4514 612 4599 ὁπή.
658 4512 716 4578 Per
737 4512 795 4578 hoe
816 4512 912 4596 igitur
933 4514 1070 4578 foramen
1092 4518 1219 4577 cantum
1240 4511 1324 4578 chori
1347 4510 1442 4589 audit,
1465 4530 1495 4573 v.
1518 4510 1596 4576 317:
