4484 5467
867 679 870 686 .
930 630 974 683 nn
992 628 1103 684 cnoro
1121 628 1307 683 vuaraavn
1658 632 1698 697 79

528 807 678 875 uidetur.
721 804 821 869 Aliter
849 804 885 868 G.
907 803 1106 867 Hermannus
1137 802 1226 866 elem.
1247 824 1278 888 p.
1302 805 1380 886 746,
1408 804 1462 888 qui
1490 824 1595 869 senem
1616 825 1699 870 nunc

537 922 706 1004 loquutum
727 927 896 1007 esse'nunc
918 915 1064 979 cecinisse
1085 914 1262 999 suspicans,
1290 915 1382 981 verba
1412 918 1494 1003 φίλοι
1516 920 1648 1003 τήκομαι
1670 923 1701 981 et
1811 908 1813 910 ’

540 1034 630 1119 ὑμῶν
655 1032 726 1095 dau·
748 1028 815 1114 (sic,
839 1048 901 1093 non
922 1034 1021 1093 totum
1038 1026 1182 1111 verbum)
1203 1049 1222 1091 a
1244 1028 1382 1093 versibus
1404 1029 1535 1094 cantatis
1556 1019 1700 1113 seiungit.

539 1144 647 1209 Aliter¹
667 1143 761 1207 ctiam
781 1141 934 1206 Porsonus
956 1139 995 1202 ad
1015 1138 1087 1203 Eur.
1109 1140 1183 1203 Hec.
1205 1161 1235 1203 v.
1261 1136 1360 1218 1169,
1382 1141 1437 1224 qui
1458 1141 1534 1207 duos
1555 1142 1700 1222 senarios,

540 1256 703 1339 glyconeos
723 1261 786 1319 tres
808 1274 880 1317 cum
898 1250 1095 1316 Pherecrates
1118 1252 1314 1336 exprompsit.
1359 1254 1394 1317 G.
1414 1253 1591 1317 Dindorfius
1613 1254 1701 1317 Matr.

539 1391 572 1454 p.
589 1367 653 1432 343
676 1365 841 1429 dimetrum
863 1363 1072 1429 bacchiacum:
1095 1364 1178 1449 φίλοι
1198 1366 1329 1449 τήκομαι
1355 1366 1408 1450 μὲν
1432 1364 1591 1447 glyconeos
1613 1372 1700 1429 ante·
1773 1388 1776 1394 ·

541 1479 650 1563 cedere
672 1478 776 1559 iubet,
805 1477 986 1561 comparatis
1014 1476 1080 1560 ipso
1102 1474 1224 1539 Comico
1252 1481 1282 1539 et
1303 1475 1459 1560 Euripide.
1503 1477 1619 1541 Verum
1647 1477 1701 1542 ubi

541 1598 642 1657 metro
670 1590 832 1655 bacehiaco
858 1586 1053 1673 supersedere¹
1079 1586 1166 1667 licet,
1194 1587 1455 1671 supersedeamus.
1499 1589 1625 1654 Certum
1645 1596 1701 1669 est,

501 1773 505 1783 ,
542 1703 772 1769 Philocleonem
792 1700 906 1783 tragico
927 1720 977 1764 ore
999 1698 1164 1782 loquutum
1185 1718 1267 1779 esse,
1297 1721 1419 1764 carmen
1441 1701 1549 1782 tragici
1571 1701 1701 1770 alicuius

544 1816 714 1880 imitatum.
754 1814 860 1897 ltaque
875 1812 987 1875 reiecta
1008 1810 1116 1875 vocula
1140 1811 1193 1895 μὲν
1216 1816 1271 1873 aut
1293 1812 1374 1897 φίλοι
1389 1815 1531 1899 τήκομαι,
1552 1819 1589 1876 ut
1610 1812 1701 1878 doch·

543 1929 627 1992 mins
643 1926 694 2009 sit,
712 1931 772 1999 ,aut
787 1926 869 2012 φίλοι
884 1925 1101 2008 κατατήκομαι,
1111 1924 1153 1984 'ut
1167 1921 1329 2005 glyconeus
1346 1926 1410 2005 liat,
1432 1924 1562 1989 scribere
1577 1925 1700 2005 malim,

516 2110 518 2115 .
543 2060 644 2124 neque
665 2038 772 2103 dubito
794 2036 973 2120 glyconeum
995 2033 1154 2118 praeferre,
1177 2034 1259 2116 quod
1273 2034 1431 2101 dochmius
1452 2044 1586 2119 systema
1600 2021 1701 2121 glyco-

546 2172 675 2218 noorum
707 2148 883 2214 antecedere
911 2148 972 2210 lere
1005 2166 1066 2210 non
1094 2143 1181 2209 solet.
1224 2146 1283 2211 His
1310 2147 1355 2211 ita
1382 2149 1556 2213 constitutis
1578 2170 1700 2214 cannen

544 2269 646 2328 exstat
668 2261 886 2340 bellissimum,
920 2280 957 2321 ex
984 2258 1082 2322 tribus
1104 2263 1247 2324 constans
1273 2260 1429 2344 partibus,
1462 2280 1594 2344 quarum
1622 2261 1701 2326 duae

543 2376 674 2461 priores,
697 2374 830 2438 maxime
853 2370 954 2435 media
975 2368 1057 2454 (ἀλλ’
1084 2370 1120 2434 od
1143 2372 1199 2457 ydp
1221 2408 1262 2416 —
1281 2373 1429 2457 ποιήσω),
1451 2372 1564 2458 quippe
1585 2374 1701 2439 brevis-

542 2489 627 2553 sima
648 2492 710 2568 est,
739 2484 980 2570 desperationem
1002 2481 1084 2546 senis
1106 2487 1138 2544 et
1163 2482 1358 2565 languorem,
1386 2484 1498 2560 ultima
1524 2507 1595 2551 uero
1622 2487 1700 2551 iram

542 2604 759 2666 renascentem
781 2595 935 2681 depingit,
963 2600 1128 2679 systemate
1156 2596 1348 2679 anapaestico
1375 2597 1489 2681 optime
1517 2619 1700 2683 expressam.

542 2711 670 2796 Excipit
691 2710 770 2773 hanc
796 2708 877 2772 senis
900 2707 1068 2770 orationem
1091 2705 1245 2770 canticum
1271 2708 1355 2773 chori
1375 2710 1525 2774 trochaeis
1539 2711 1699 2797 scriptum,
1800 2760 1802 2762 .

541 2823 660 2908 quibus
682 2820 879 2905 interpositus
902 2818 1031 2881 dimeter
1046 2817 1181 2881 creticus
1202 2838 1232 2882 v.
1254 2819 1327 2901 339,
1350 2821 1432 2894 unde
1453 2828 1588 2907 apparet,
1611 2824 1701 2897 creti·

544 2933 728 3011 cumidem
749 2931 850 2995 valere
877 2929 958 3015 quod
979 2928 1135 3014 dipodiam
1155 2930 1355 3011 trochaicam,
1382 2953 1412 2997 u.
1433 2933 1539 2997 Rossb.
1560 2934 1649 2998 Metr.
1671 2957 1701 3020 p.

543 3049 626 3125 5473
647 3052 678 3110 ot
699 3046 802 3130 ipsum
825 3065 843 3107 a
864 3049 926 3106 toto
948 3042 1038 3105 choro
1053 3046 1211 3106 cantatum
1232 3041 1428 3129 udansque
1445 3045 1518 3126 345,
1540 3053 1700 3130 propterea

543 3157 631 3244 quod
661 3165 758 3222 metro
784 3160 903 3219 mutato
930 3153 1100 3217 tetrametri
1127 3152 1281 3238 incipiunt
1312 3157 1513 3241 anapaestici‚
1545 3158 1600 3240 qui
1632 3179 1701 3241 pro-

542 3270 603 3342 cul
621 3269 715 3334 dubio
736 3267 953 3332 recitabantur.
995 3266 1032 3329 ln
1053 3265 1148 3329 huius
1169 3264 1314 3329 carminis
1336 3287 1365 3330 v.
1380 3268 1452 3346 343,
1475 3289 1535 3353 quo
1556 3268 1702 3332 facillime

542 3389 683 3448 metrum
703 3380 892 3445 trochaicum
913 3377 1096 3459 restituitur,
1119 3377 1197 3442 addo
1219 3379 1270 3443 cd:

857 3490 899 3555 ὅτι
922 3490 1018 3575 λέγεις
1041 3490 1077 3554 cd
1099 3514 1125 3553 rr
1148 3490 1213 3577 πέρι
1235 3494 1296 3556 τῶν
1318 3516 1368 3557 νε·

541 3606 596 3673 cni
620 3604 782 3690 respondet
803 3600 1054 3685 antistrophicus:
1262 3680 1264 3683 Ι

633 3722 714 3802 —ep
737 3742 774 3794 τι,
796 3718 918 3800 ποιήσω
942 3716 1040 3780 δακεῖν
1063 3714 1140 3797 rba:
1162 3720 1217 3779 aut
1238 3714 1398 3781 intervallo
1427 3716 1558 3783 admisso
1585 3719 1702 3803 syllaba

542 3854 651 3915 -γεις
671 3829 818 3915 τρίσημος
839 3828 889 3892 lit:
912 3830 1000 3885 ὢν
1014 3876 1035 3885 -
1080 3829 1117 3885 c'
1107 3868 1262 3887 22222
1294 3827 1458 3893 Simillimo
1473 3837 1572 3894 metro
1591 3831 1700 3896 chorus

541 3966 573 4009 v.
597 3942 665 4007 405
684 3941 792 4018 utitur,
815 3961 1003 4025 quamquam
1026 3947 1202 4025 corruptum
1231 3946 1357 4025 apparet
1384 3962 1457 4005 esse.
1501 3942 1638 4024 Engerus
1667 3944 1700 4006 ln
1765 3983 1768 3990 ·

542 4052 760 4123 dissertatione
785 4052 842 4133 ,de
864 4052 1096 4137 responsionum
1118 4051 1201 4136 apud
1217 4051 1455 4136 Aristophanem
1475 4053 1610 4117 ratione“
1635 4056 1701 4139 po

541 4166 874 4249 mommo-414
902 4170 932 4228 et
954 4187 983 4229 v.
1006 4165 1193 4242 468-470,
1224 4186 1253 4228 v.
1280 4165 1353 4228 418.
1381 4166 1444 4228 419
1473 4171 1504 4228 et
1532 4167 1700 4229 eal-477

542 4279 743 4364 (475-476
771 4278 906 4362 Bergk),
935 4300 964 4342 u.
992 4279 1064 4342 428.
1093 4278 1156 4364 429
1184 4284 1215 4341 et
1241 4277 1314 4341 486.
1344 4277 1405 4341 487
1434 4277 1494 4341 sibi
1522 4277 1701 4363 respondere

541 4392 641 4457 iubet.
686 4390 730 4453 De
752 4389 879 4473 reliquis
893 4411 955 4454 non
977 4390 1199 4467 contradicam3
1221 4368 1254 4453 at
1275 4410 1325 4453 vv.
1343 4391 1523 4467 410-414,
1545 4410 1620 4473 quos
1643 4412 1701 4453 nu-

497 4586 502 4596 ,
544 4525 632 4569 mero
655 4502 738 4566 omni
760 4503 874 4567 solutos
896 4523 960 4566 esse
982 4502 1065 4579 dicit,
1089 4503 1134 4565 ita
1155 4502 1347 4583 immutavit,
1375 4509 1410 4566 ut
1436 4523 1532 4585 paene
1555 4503 1626 4566 novi
1648 4504 1701 4566 lie·

543 4621 638 4683 rent.»
681 4613 807 4686 Cautius
835 4614 992 4697 multoque
1021 4614 1127 4698 opinor
1155 4613 1266 4678 melius
1294 4614 1357 4695 egit
1383 4613 1585 4679 Rossbachius
1613 4614 1700 4680 lletr.
