<?xml version="1.0" encoding="UTF-8"?>
<!DOCTYPE html PUBLIC "-//W3C//DTD XHTML 1.0 Transitional//EN"
    "http://www.w3.org/TR/xhtml1/DTD/xhtml1-transitional.dtd">
<html xmlns="http://www.w3.org/1999/xhtml" xml:lang="en" lang="en">
 <head>
  <title>
</title>
<meta http-equiv="Content-Type" content="text/html;charset=utf-8" />
  <meta name='ocr-system' content='tesseract 3.04.00' />
  <meta name='ocr-capabilities' content='ocr_page ocr_carea ocr_par ocr_line ocrx_word'/>
</head>
<body>
  <div class='ocr_page' id='page_1' title='image "./vespaecumproleg00richgoog_0230.png"; bbox 0 0 4484 5467; ppageno 0'>
   <div class='ocr_carea' id='block_1_1' title="bbox 1020 566 1215 625">
    <p class='ocr_par' dir='ltr' id='par_1_1' title="bbox 1020 566 1215 625">
     <span class='ocr_line' id='line_1_1' title="bbox 1020 566 1215 625; baseline -0.01 -1"><span class='ocrx_word' id='word_1_1' title='bbox 1020 566 1215 625; x_wconf 84' lang='grc' dir='ltr'>ΣΦΗΚΕΣ</span> 
     </span>
    </p>
   </div>
   <div class='ocr_carea' id='block_1_2' title="bbox 576 739 1533 945">
    <p class='ocr_par' dir='ltr' id='par_1_2' title="bbox 576 739 1533 945">
     <span class='ocr_line' id='line_1_2' title="bbox 694 739 1533 828; baseline -0.01 -17"><span class='ocrx_word' id='word_1_2' title='bbox 694 751 785 811; x_wconf 79' lang='grc' dir='ltr'>δεῖται</span> <span class='ocrx_word' id='word_1_3' title='bbox 810 747 843 809; x_wconf 78' lang='grc' dir='ltr'>δὲ</span> <span class='ocrx_word' id='word_1_4' title='bbox 866 747 915 809; x_wconf 80' lang='grc' dir='ltr'>καὶ</span> <span class='ocrx_word' id='word_1_5' title='bbox 936 747 995 809; x_wconf 83' lang='grc' dir='ltr'>τῶν</span> <span class='ocrx_word' id='word_1_6' title='bbox 1019 744 1177 828; x_wconf 80' lang='grc' dir='ltr'>καρπίμων</span> <span class='ocrx_word' id='word_1_7' title='bbox 1203 742 1275 806; x_wconf 82' lang='grc' dir='ltr'>ἅττα</span> <span class='ocrx_word' id='word_1_8' title='bbox 1300 743 1341 826; x_wconf 83' lang='grc' dir='ltr'>μὴ</span> <span class='ocrx_word' id='word_1_9' title='bbox 1363 739 1422 805; x_wconf 83' lang='grc' dir='ltr'>’στὶ</span> <span class='ocrx_word' id='word_1_10' title='bbox 1443 747 1533 826; x_wconf 72' lang='grc' dir='ltr'>πρῷα</span> 
     </span>
     <span class='ocr_line' id='line_1_3' title="bbox 576 852 1440 945; baseline -0.009 -21"><span class='ocrx_word' id='word_1_11' title='bbox 576 878 587 892; x_wconf 88' lang='grc'>’</span> <span class='ocrx_word' id='word_1_12' title='bbox 696 861 777 945; x_wconf 80' lang='grc' dir='ltr'>ὕδωρ</span> <span class='ocrx_word' id='word_1_13' title='bbox 800 857 939 941; x_wconf 73' lang='grc' dir='ltr'>γενέσθαι</span> <span class='ocrx_word' id='word_1_14' title='bbox 963 856 1161 918; x_wconf 71' lang='grc' dir='ltr'>κάπιπνεῦσαι</span> <span class='ocrx_word' id='word_1_15' title='bbox 1187 852 1302 941; x_wconf 79' lang='grc' dir='ltr'>βόρειον</span> <span class='ocrx_word' id='word_1_16' title='bbox 1326 852 1440 922; x_wconf 80' lang='grc' dir='ltr'>αὐτοῖς.</span> 
     </span>
    </p>
   </div>
   <div class='ocr_carea' id='block_1_3' title="bbox 694 966 1530 1056">
    <p class='ocr_par' dir='ltr' id='par_1_3' title="bbox 694 966 1530 1056">
     <span class='ocr_line' id='line_1_4' title="bbox 694 966 1530 1056; baseline -0.031 -5"><span class='ocrx_word' id='word_1_17' title='bbox 694 972 722 1035; x_wconf 67' lang='grc' dir='ltr'>τί</span> <span class='ocrx_word' id='word_1_18' title='bbox 742 968 842 1056; x_wconf 74' lang='grc' dir='ltr'>χρῆμ’</span> <span class='ocrx_word' id='word_1_19' title='bbox 868 967 917 1053; x_wconf 78' lang='grc' dir='ltr'>ἄρ’</span> <span class='ocrx_word' id='word_1_20' title='bbox 944 969 997 1030; x_wconf 64' lang='grc' dir='ltr'>οὐκ</span> <span class='ocrx_word' id='word_1_21' title='bbox 1020 972 1075 1048; x_wconf 74' lang='grc' dir='ltr'>τῆς</span> <span class='ocrx_word' id='word_1_22' title='bbox 1098 967 1193 1036; x_wconf 81' lang='grc' dir='ltr'>οἰκίας</span> <span class='ocrx_word' id='word_1_23' title='bbox 1214 968 1308 1050; x_wconf 82' lang='grc' dir='ltr'>τῆσδε</span> <span class='ocrx_word' id='word_1_24' title='bbox 1331 966 1530 1049; x_wconf 80' lang='grc' dir='ltr'>συνδικαστὴς</span> 
     </span>
    </p>
   </div>
   <div class='ocr_carea' id='block_1_4' title="bbox 693 1077 1559 1164">
    <p class='ocr_par' dir='ltr' id='par_1_4' title="bbox 693 1077 1559 1164">
     <span class='ocr_line' id='line_1_5' title="bbox 693 1077 1559 1164; baseline -0.007 -18"><span class='ocrx_word' id='word_1_25' title='bbox 693 1082 852 1157; x_wconf 73' lang='grc' dir='ltr'>πέπονθεν,</span> <span class='ocrx_word' id='word_1_26' title='bbox 876 1084 917 1150; x_wconf 80' lang='grc' dir='ltr'>ὡς</span> <span class='ocrx_word' id='word_1_27' title='bbox 941 1080 977 1142; x_wconf 82' lang='grc' dir='ltr'>οὐ</span> <span class='ocrx_word' id='word_1_28' title='bbox 1001 1079 1136 1163; x_wconf 73' lang='grc' dir='ltr'>φαίνεται</span> <span class='ocrx_word' id='word_1_29' title='bbox 1159 1081 1249 1164; x_wconf 76' lang='grc' dir='ltr'>δεῦρο</span> <span class='ocrx_word' id='word_1_30' title='bbox 1273 1077 1347 1163; x_wconf 85' lang='grc' dir='ltr'>πρὸς</span> <span class='ocrx_word' id='word_1_31' title='bbox 1368 1077 1401 1141; x_wconf 82' lang='grc' dir='ltr'>τὸ</span> <span class='ocrx_word' id='word_1_32' title='bbox 1426 1077 1559 1160; x_wconf 56' lang='grc' dir='ltr'>πλῆθος</span> 
     </span>
    </p>
   </div>
   <div class='ocr_carea' id='block_1_5' title="bbox 694 1189 1614 1278">
    <p class='ocr_par' dir='ltr' id='par_1_5' title="bbox 694 1189 1614 1278">
     <span class='ocr_line' id='line_1_6' title="bbox 694 1189 1614 1278; baseline -0.005 -20"><span class='ocrx_word' id='word_1_33' title='bbox 694 1194 730 1258; x_wconf 83' lang='grc' dir='ltr'>οὐ</span> <span class='ocrx_word' id='word_1_34' title='bbox 756 1195 814 1278; x_wconf 77' lang='grc' dir='ltr'>μὴν</span> <span class='ocrx_word' id='word_1_35' title='bbox 838 1192 895 1278; x_wconf 85' lang='grc' dir='ltr'>πρὸ</span> <span class='ocrx_word' id='word_1_36' title='bbox 918 1196 971 1255; x_wconf 79' lang='grc' dir='ltr'>τοῦ</span> <span class='ocrx_word' id='word_1_37' title='bbox 995 1190 1025 1274; x_wconf 74' lang='grc' dir='ltr'>γ’</span> <span class='ocrx_word' id='word_1_38' title='bbox 1052 1191 1181 1275; x_wconf 72' lang='grc' dir='ltr'>ἐφολκὸς</span> <span class='ocrx_word' id='word_1_39' title='bbox 1203 1189 1258 1275; x_wconf 76' lang='grc' dir='ltr'>ἦν,</span> <span class='ocrx_word' id='word_1_40' title='bbox 1286 1190 1364 1254; x_wconf 79' lang='grc' dir='ltr'>ἀλλὰ</span> <span class='ocrx_word' id='word_1_41' title='bbox 1385 1192 1508 1275; x_wconf 85' lang='grc' dir='ltr'>πρῶτος</span> <span class='ocrx_word' id='word_1_42' title='bbox 1529 1190 1614 1273; x_wconf 80' lang='grc' dir='ltr'>ἡμῶν</span> 
     </span>
    </p>
   </div>
   <div class='ocr_carea' id='block_1_6' title="bbox 543 1300 1539 1501">
    <p class='ocr_par' dir='ltr' id='par_1_6' title="bbox 543 1300 1539 1501">
     <span class='ocr_line' id='line_1_7' title="bbox 694 1300 1502 1389; baseline -0.004 -21"><span class='ocrx_word' id='word_1_43' title='bbox 694 1304 788 1389; x_wconf 77' lang='grc' dir='ltr'>ἡγεῖτ’</span> <span class='ocrx_word' id='word_1_44' title='bbox 814 1304 848 1368; x_wconf 79' lang='grc' dir='ltr'>ἂν</span> <span class='ocrx_word' id='word_1_45' title='bbox 872 1301 954 1389; x_wconf 79' lang='grc' dir='ltr'>ᾄδων</span> <span class='ocrx_word' id='word_1_46' title='bbox 976 1302 1148 1387; x_wconf 74' lang='grc' dir='ltr'>Φρυνίχου·</span> <span class='ocrx_word' id='word_1_47' title='bbox 1170 1304 1220 1366; x_wconf 85' lang='grc' dir='ltr'>καὶ</span> <span class='ocrx_word' id='word_1_48' title='bbox 1241 1304 1298 1389; x_wconf 82' lang='grc' dir='ltr'>γάρ</span> <span class='ocrx_word' id='word_1_49' title='bbox 1321 1302 1399 1366; x_wconf 77' lang='grc' dir='ltr'>ἐστιν</span> <span class='ocrx_word' id='word_1_50' title='bbox 1423 1300 1502 1386; x_wconf 85' lang='grc' dir='ltr'>ἀνὴρ</span> 
     </span>
     <span class='ocr_line' id='line_1_8' title="bbox 543 1412 1539 1501; baseline -0.013 -12"><span class='ocrx_word' id='word_1_51' title='bbox 543 1434 594 1489; x_wconf 80' lang='grc'>270</span> <span class='ocrx_word' id='word_1_52' title='bbox 698 1415 839 1501; x_wconf 66' lang='grc' dir='ltr'>φιλῳδός.</span> <span class='ocrx_word' id='word_1_53' title='bbox 862 1417 940 1479; x_wconf 76' lang='grc' dir='ltr'>ἀλλά</span> <span class='ocrx_word' id='word_1_54' title='bbox 965 1438 1016 1499; x_wconf 88' lang='grc' dir='ltr'>μοι</span> <span class='ocrx_word' id='word_1_55' title='bbox 1039 1417 1125 1478; x_wconf 80' lang='grc' dir='ltr'>δοκεῖ</span> <span class='ocrx_word' id='word_1_56' title='bbox 1147 1416 1271 1485; x_wconf 83' lang='grc' dir='ltr'>στάντας</span> <span class='ocrx_word' id='word_1_57' title='bbox 1293 1412 1398 1479; x_wconf 73' lang='grc' dir='ltr'>ἐνθάδ’</span> <span class='ocrx_word' id='word_1_58' title='bbox 1425 1412 1539 1499; x_wconf 79' lang='grc' dir='ltr'>ὦνδρες</span> 
     </span>
    </p>
   </div>
   <div class='ocr_carea' id='block_1_7' title="bbox 576 1629 1682 1915">
    <p class='ocr_par' dir='ltr' id='par_1_7' title="bbox 576 1629 1682 1915">
     <span class='ocr_line' id='line_1_9' title="bbox 576 1629 1681 1744; baseline -0.003 -19"><span class='ocrx_word' id='word_1_59' title='bbox 576 1691 599 1727; x_wconf 88' lang='grc' dir='ltr'>ν.</span> <span class='ocrx_word' id='word_1_60' title='bbox 612 1673 670 1725; x_wconf 85' lang='grc'><strong>264.</strong></span> <span class='ocrx_word' id='word_1_61' title='bbox 706 1673 787 1744; x_wconf 84' lang='grc' dir='ltr'>πρώια</span> <span class='ocrx_word' id='word_1_62' title='bbox 807 1673 836 1723; x_wconf 83' lang='lat' dir='ltr'>R.</span> <span class='ocrx_word' id='word_1_63' title='bbox 851 1672 992 1723; x_wconf 80' lang='lat' dir='ltr'>V.Inver11.</span> <span class='ocrx_word' id='word_1_64' title='bbox 1010 1629 1113 1744; x_wconf 73' lang='lat' dir='ltr'>cpo&#39;npo</span> <span class='ocrx_word' id='word_1_65' title='bbox 1133 1672 1190 1724; x_wconf 90' lang='lat' dir='ltr'>Ald.</span> <span class='ocrx_word' id='word_1_66' title='bbox 1203 1672 1269 1724; x_wconf 88' lang='lat' dir='ltr'>lunt.</span> <span class='ocrx_word' id='word_1_67' title='bbox 1281 1673 1355 1725; x_wconf 91' lang='lat' dir='ltr'>Kust.</span> <span class='ocrx_word' id='word_1_68' title='bbox 1374 1675 1469 1743; x_wconf 84' lang='grc' dir='ltr'>πρῷμα</span> <span class='ocrx_word' id='word_1_69' title='bbox 1482 1671 1604 1739; x_wconf 76' lang='lat' dir='ltr'><strong>Scaliger.</strong></span> <span class='ocrx_word' id='word_1_70' title='bbox 1616 1670 1681 1723; x_wconf 82' lang='lat' dir='ltr'>Bentt</span> 
     </span>
     <span class='ocr_line' id='line_1_10' title="bbox 611 1756 1682 1832; baseline -0.003 -21"><span class='ocrx_word' id='word_1_71' title='bbox 611 1760 721 1813; x_wconf 85' lang='lat' dir='ltr'>Brunck.</span> <span class='ocrx_word' id='word_1_72' title='bbox 742 1764 815 1832; x_wconf 82' lang='grc' dir='ltr'>πρῷα</span> <span class='ocrx_word' id='word_1_73' title='bbox 839 1759 943 1811; x_wconf 93' lang='lat' dir='ltr'>Porson.</span> <span class='ocrx_word' id='word_1_74' title='bbox 965 1760 1126 1812; x_wconf 87' lang='lat' dir='ltr'>recentiores.</span> <span class='ocrx_word' id='word_1_75' title='bbox 1153 1759 1184 1811; x_wconf 87' lang='lat' dir='ltr'>cf.</span> <span class='ocrx_word' id='word_1_76' title='bbox 1209 1760 1287 1811; x_wconf 88' lang='lat' dir='ltr'>Bekk.</span> <span class='ocrx_word' id='word_1_77' title='bbox 1312 1758 1408 1812; x_wconf 88' lang='lat' dir='ltr'>Anecd.</span> <span class='ocrx_word' id='word_1_78' title='bbox 1430 1774 1456 1827; x_wconf 88' lang='lat' dir='ltr'>p.</span> <span class='ocrx_word' id='word_1_79' title='bbox 1475 1758 1519 1822; x_wconf 86' lang='grc'>61,</span> <span class='ocrx_word' id='word_1_80' title='bbox 1539 1756 1682 1811; x_wconf 70' lang='grc'><strong>1111111.</strong></span> 
     </span>
     <span class='ocr_line' id='line_1_11' title="bbox 610 1844 1465 1915; baseline -0.001 -17"><span class='ocrx_word' id='word_1_81' title='bbox 610 1845 705 1913; x_wconf 84' lang='lat' dir='ltr'>Phryn.</span> <span class='ocrx_word' id='word_1_82' title='bbox 723 1863 747 1915; x_wconf 92' lang='lat' dir='ltr'>p.</span> <span class='ocrx_word' id='word_1_83' title='bbox 766 1845 799 1899; x_wconf 91' lang='grc'>52</span> <span class='ocrx_word' id='word_1_84' title='bbox 817 1845 921 1909; x_wconf 86' lang='lat' dir='ltr'>(Dind.).</span> <span class='ocrx_word' id='word_1_85' title='bbox 957 1846 1048 1915; x_wconf 85' lang='lat' dir='ltr'>Bergk.</span> <span class='ocrx_word' id='word_1_86' title='bbox 1068 1862 1107 1914; x_wconf 89' lang='lat' dir='ltr'>up.</span> <span class='ocrx_word' id='word_1_87' title='bbox 1121 1846 1196 1898; x_wconf 79' lang='lat' dir='ltr'>Mein.</span> <span class='ocrx_word' id='word_1_88' title='bbox 1216 1845 1285 1898; x_wconf 82' lang='lat' dir='ltr'>Corn.</span> <span class='ocrx_word' id='word_1_89' title='bbox 1304 1845 1328 1897; x_wconf 86' lang='lat'>11</span> <span class='ocrx_word' id='word_1_90' title='bbox 1345 1863 1369 1913; x_wconf 92' lang='lat' dir='ltr'>p.</span> <span class='ocrx_word' id='word_1_91' title='bbox 1391 1844 1465 1898; x_wconf 89' lang='grc'><strong>1103.</strong></span> 
     </span>
    </p>
   </div>
   <div class='ocr_carea' id='block_1_8' title="bbox 575 1954 1297 2019">
    <p class='ocr_par' dir='ltr' id='par_1_8' title="bbox 575 1954 1297 2019">
     <span class='ocr_line' id='line_1_12' title="bbox 575 1954 1297 2019; baseline 0 -11"><span class='ocrx_word' id='word_1_92' title='bbox 575 1972 598 2008; x_wconf 82' lang='lat' dir='ltr'>r.</span> <span class='ocrx_word' id='word_1_93' title='bbox 612 1956 671 2009; x_wconf 82' lang='grc'><strong>261.</strong></span> <span class='ocrx_word' id='word_1_94' title='bbox 705 1954 876 2019; x_wconf 72' lang='grc' dir='ltr'><strong>ιὐς11111υ1;</strong></span> <span class='ocrx_word' id='word_1_95' title='bbox 898 1954 962 2007; x_wconf 84' lang='grc' dir='ltr'><strong>ὥστ’</strong></span> <span class='ocrx_word' id='word_1_96' title='bbox 981 1954 1010 2007; x_wconf 78' lang='grc' dir='ltr'>οὒ</span> <span class='ocrx_word' id='word_1_97' title='bbox 1029 1954 1117 2007; x_wconf 79' lang='lat' dir='ltr'>Cobet.</span> <span class='ocrx_word' id='word_1_98' title='bbox 1136 1955 1297 2008; x_wconf 78' lang='grc'><strong>11111111.</strong></span> 
     </span>
    </p>
   </div>
   <div class='ocr_carea' id='block_1_9' title="bbox 576 2056 1688 2297">
    <p class='ocr_par' dir='ltr' id='par_1_9' title="bbox 576 2056 1688 2297">
     <span class='ocr_line' id='line_1_13' title="bbox 576 2056 1687 2131; baseline 0 -20"><span class='ocrx_word' id='word_1_99' title='bbox 576 2077 599 2112; x_wconf 87' lang='grc' dir='ltr'>ν.</span> <span class='ocrx_word' id='word_1_100' title='bbox 613 2060 671 2111; x_wconf 80' lang='grc'><strong>269.</strong></span> <span class='ocrx_word' id='word_1_101' title='bbox 708 2057 738 2110; x_wconf 79' lang='grc' dir='ltr'>ἂν</span> <span class='ocrx_word' id='word_1_102' title='bbox 757 2058 826 2131; x_wconf 81' lang='grc' dir='ltr'>ᾅδων</span> <span class='ocrx_word' id='word_1_103' title='bbox 844 2059 875 2111; x_wconf 86' lang='lat' dir='ltr'>R.</span> <span class='ocrx_word' id='word_1_104' title='bbox 893 2056 1002 2110; x_wconf 78' lang='grc' dir='ltr'>ἀνοίιδων</span> <span class='ocrx_word' id='word_1_105' title='bbox 1016 2057 1079 2109; x_wconf 82' lang='lat' dir='ltr'>Ven.</span> <span class='ocrx_word' id='word_1_106' title='bbox 1093 2073 1143 2110; x_wconf 83' lang='lat' dir='ltr'>sec.</span> <span class='ocrx_word' id='word_1_107' title='bbox 1157 2057 1218 2110; x_wconf 75' lang='lat' dir='ltr'>Cob.</span> <span class='ocrx_word' id='word_1_108' title='bbox 1237 2057 1338 2129; x_wconf 72' lang='grc' dir='ltr'>ἀνᾴδυιν</span> <span class='ocrx_word' id='word_1_109' title='bbox 1351 2056 1409 2109; x_wconf 84' lang='lat' dir='ltr'>Ald.</span> <span class='ocrx_word' id='word_1_110' title='bbox 1423 2057 1519 2125; x_wconf 79' lang='lat' dir='ltr'>Scalig.</span> <span class='ocrx_word' id='word_1_111' title='bbox 1532 2058 1607 2112; x_wconf 79' lang='lat' dir='ltr'>Kust.</span> <span class='ocrx_word' id='word_1_112' title='bbox 1619 2059 1687 2128; x_wconf 72' lang='lat' dir='ltr'>Bergi</span> 
     </span>
     <span class='ocr_line' id='line_1_14' title="bbox 610 2142 1687 2217; baseline 0 -19"><span class='ocrx_word' id='word_1_113' title='bbox 610 2144 731 2198; x_wconf 75' lang='grc' dir='ltr'>ἀναείόων</span> <span class='ocrx_word' id='word_1_114' title='bbox 750 2146 821 2199; x_wconf 87' lang='lat' dir='ltr'>Suid.</span> <span class='ocrx_word' id='word_1_115' title='bbox 840 2161 860 2197; x_wconf 83' lang='grc'>1.</span> <span class='ocrx_word' id='word_1_116' title='bbox 880 2162 903 2197; x_wconf 92' lang='grc' dir='ltr'>ν.</span> <span class='ocrx_word' id='word_1_117' title='bbox 922 2143 1035 2215; x_wconf 60' lang='lat' dir='ltr'>deodata.</span> <span class='ocrx_word' id='word_1_118' title='bbox 1071 2142 1101 2195; x_wconf 84' lang='grc' dir='ltr'>ἂν</span> <span class='ocrx_word' id='word_1_119' title='bbox 1120 2143 1190 2217; x_wconf 80' lang='grc' dir='ltr'>ᾅδων</span> <span class='ocrx_word' id='word_1_120' title='bbox 1209 2144 1293 2197; x_wconf 84' lang='lat' dir='ltr'>Bentl.</span> <span class='ocrx_word' id='word_1_121' title='bbox 1313 2144 1397 2196; x_wconf 85' lang='lat' dir='ltr'>Reisk.</span> <span class='ocrx_word' id='word_1_122' title='bbox 1416 2144 1516 2196; x_wconf 83' lang='lat' dir='ltr'>Dawes.</span> <span class='ocrx_word' id='word_1_123' title='bbox 1535 2145 1606 2198; x_wconf 82' lang='grc'><strong>11111.</strong></span> <span class='ocrx_word' id='word_1_124' title='bbox 1619 2145 1655 2198; x_wconf 82' lang='lat' dir='ltr'>Or.</span> <span class='ocrx_word' id='word_1_125' title='bbox 1669 2162 1687 2214; x_wconf 86' lang='lat' dir='ltr'>p.</span> 
     </span>
     <span class='ocr_line' id='line_1_15' title="bbox 611 2227 1688 2297; baseline -0.001 -14"><span class='ocrx_word' id='word_1_126' title='bbox 611 2231 668 2284; x_wconf 83' lang='grc'><strong>267.</strong></span> <span class='ocrx_word' id='word_1_127' title='bbox 692 2230 803 2284; x_wconf 85' lang='lat' dir='ltr'>Brunck.</span> <span class='ocrx_word' id='word_1_128' title='bbox 826 2229 993 2292; x_wconf 59' lang='lat' dir='ltr'>recentiorem</span> <span class='ocrx_word' id='word_1_129' title='bbox 1017 2228 1048 2281; x_wconf 84' lang='lat' dir='ltr'>cf.</span> <span class='ocrx_word' id='word_1_130' title='bbox 1073 2229 1106 2280; x_wconf 89' lang='lat' dir='ltr'>K.</span> <span class='ocrx_word' id='word_1_131' title='bbox 1130 2228 1172 2280; x_wconf 90' lang='lat' dir='ltr'>W.</span> <span class='ocrx_word' id='word_1_132' title='bbox 1199 2228 1307 2297; x_wconf 81' lang='lat' dir='ltr'>Krigeri</span> <span class='ocrx_word' id='word_1_133' title='bbox 1330 2227 1373 2281; x_wconf 87' lang='lat' dir='ltr'>Gr.</span> <span class='ocrx_word' id='word_1_134' title='bbox 1397 2228 1419 2292; x_wconf 68' lang='grc' dir='ltr'><strong>ξ.</strong></span> <span class='ocrx_word' id='word_1_135' title='bbox 1439 2227 1481 2281; x_wconf 87' lang='grc'><strong>53.</strong></span> <span class='ocrx_word' id='word_1_136' title='bbox 1503 2229 1549 2293; x_wconf 91' lang='grc'>10,</span> <span class='ocrx_word' id='word_1_137' title='bbox 1571 2228 1595 2282; x_wconf 89' lang='grc'><strong>3.</strong></span> <span class='ocrx_word' id='word_1_138' title='bbox 1618 2230 1688 2282; x_wconf 84' lang='lat' dir='ltr'>Herm</span> 
     </span>
    </p>
   </div>
   <div class='ocr_carea' id='block_1_10' title="bbox 610 2316 788 2387">
    <p class='ocr_par' dir='ltr' id='par_1_10' title="bbox 610 2316 788 2387">
     <span class='ocr_line' id='line_1_16' title="bbox 610 2316 788 2387; baseline -0.006 -18"><span class='ocrx_word' id='word_1_139' title='bbox 610 2317 668 2386; x_wconf 87' lang='lat' dir='ltr'>Vig.</span> <span class='ocrx_word' id='word_1_140' title='bbox 686 2334 711 2387; x_wconf 89' lang='lat' dir='ltr'>p.</span> <span class='ocrx_word' id='word_1_141' title='bbox 730 2316 788 2370; x_wconf 83' lang='grc'><strong>485.</strong></span> 
     </span>
    </p>
   </div>
   <div class='ocr_carea' id='block_1_11' title="bbox 644 2422 1690 2500">
    <p class='ocr_par' dir='ltr' id='par_1_11' title="bbox 644 2422 1690 2500">
     <span class='ocr_line' id='line_1_17' title="bbox 644 2422 1690 2500; baseline 0 -20"><span class='ocrx_word' id='word_1_142' title='bbox 644 2426 935 2490; x_wconf 76' lang='grc' dir='ltr'><strong>ἀνάδυν(111)11111.,</strong></span> <span class='ocrx_word' id='word_1_143' title='bbox 962 2442 1026 2494; x_wconf 80' lang='lat' dir='ltr'>quae</span> <span class='ocrx_word' id='word_1_144' title='bbox 1046 2422 1159 2499; x_wconf 77' lang='grc' dir='ltr'>Φυνίχου</span> <span class='ocrx_word' id='word_1_145' title='bbox 1185 2427 1263 2479; x_wconf 85' lang='lat' dir='ltr'>habet</span> <span class='ocrx_word' id='word_1_146' title='bbox 1286 2430 1314 2478; x_wconf 86' lang='lat' dir='ltr'>ut</span> <span class='ocrx_word' id='word_1_147' title='bbox 1338 2425 1444 2491; x_wconf 82' lang='lat' dir='ltr'>Aldina,</span> <span class='ocrx_word' id='word_1_148' title='bbox 1471 2427 1535 2481; x_wconf 88' lang='lat' dir='ltr'>item</span> <span class='ocrx_word' id='word_1_149' title='bbox 1558 2433 1658 2500; x_wconf 77' lang='lat' dir='ltr'>utruque</span> <span class='ocrx_word' id='word_1_150' title='bbox 1671 2444 1690 2480; x_wconf 89' lang='grc' dir='ltr'>ν.</span> 
     </span>
    </p>
   </div>
   <div class='ocr_carea' id='block_1_12' title="bbox 610 2511 1083 2585">
    <p class='ocr_par' dir='ltr' id='par_1_12' title="bbox 610 2511 1083 2585">
     <span class='ocr_line' id='line_1_18' title="bbox 610 2511 1083 2585; baseline -0.006 -19"><span class='ocrx_word' id='word_1_151' title='bbox 610 2513 712 2566; x_wconf 89' lang='grc'><strong>220-</strong></span> <span class='ocrx_word' id='word_1_152' title='bbox 731 2512 857 2585; x_wconf 78' lang='grc' dir='ltr'>φυνιχήρ.,</span> <span class='ocrx_word' id='word_1_153' title='bbox 876 2514 902 2563; x_wconf 85' lang='lat' dir='ltr'>at</span> <span class='ocrx_word' id='word_1_154' title='bbox 915 2511 990 2563; x_wconf 87' lang='lat' dir='ltr'>Frob.</span> <span class='ocrx_word' id='word_1_155' title='bbox 1010 2529 1083 2583; x_wconf 77' lang='lat' dir='ltr'>ppur.</span> 
     </span>
    </p>
   </div>
   <div class='ocr_carea' id='block_1_13' title="bbox 537 2752 1098 4623">
    <p class='ocr_par' dir='ltr' id='par_1_13' title="bbox 539 2752 1098 3937">
     <span class='ocr_line' id='line_1_19' title="bbox 541 2752 1096 2821; baseline 0 -15"><span class='ocrx_word' id='word_1_156' title='bbox 541 2768 598 2806; x_wconf 90' lang='lat' dir='ltr'>snm</span> <span class='ocrx_word' id='word_1_157' title='bbox 616 2752 738 2805; x_wconf 85' lang='lat' dir='ltr'>iudicanti</span> <span class='ocrx_word' id='word_1_158' title='bbox 756 2753 914 2805; x_wconf 75' lang='lat' dir='ltr'><strong>assentietur.</strong></span> <span class='ocrx_word' id='word_1_159' title='bbox 945 2753 1009 2805; x_wconf 83' lang='lat' dir='ltr'>Tam</span> <span class='ocrx_word' id='word_1_160' title='bbox 1026 2753 1096 2821; x_wconf 87' lang='lat' dir='ltr'>inep-</span> 
     </span>
     <span class='ocr_line' id='line_1_20' title="bbox 540 2837 1096 2908; baseline -0.007 -14"><span class='ocrx_word' id='word_1_161' title='bbox 540 2843 583 2894; x_wconf 85' lang='lat' dir='ltr'>tus</span> <span class='ocrx_word' id='word_1_162' title='bbox 603 2841 642 2890; x_wconf 86' lang='lat' dir='ltr'>est</span> <span class='ocrx_word' id='word_1_163' title='bbox 659 2841 685 2890; x_wconf 89' lang='lat' dir='ltr'>et</span> <span class='ocrx_word' id='word_1_164' title='bbox 698 2837 866 2907; x_wconf 79' lang='lat' dir='ltr'><strong>Aristophane</strong></span> <span class='ocrx_word' id='word_1_165' title='bbox 878 2838 953 2908; x_wconf 88' lang='lat' dir='ltr'>plane</span> <span class='ocrx_word' id='word_1_166' title='bbox 968 2838 1096 2906; x_wconf 86' lang='lat' dir='ltr'>indignus,</span> 
     </span>
     <span class='ocr_line' id='line_1_21' title="bbox 541 2924 1097 2989; baseline -0.004 -12"><span class='ocrx_word' id='word_1_167' title='bbox 541 2928 570 2977; x_wconf 87' lang='lat' dir='ltr'>ut</span> <span class='ocrx_word' id='word_1_168' title='bbox 598 2924 758 2976; x_wconf 82' lang='lat' dir='ltr'>uehementer</span> <span class='ocrx_word' id='word_1_169' title='bbox 787 2925 914 2989; x_wconf 82' lang='lat' dir='ltr'>dubitem,</span> <span class='ocrx_word' id='word_1_170' title='bbox 943 2941 1002 2977; x_wconf 92' lang='lat' dir='ltr'>num</span> <span class='ocrx_word' id='word_1_171' title='bbox 1034 2925 1097 2976; x_wconf 88' lang='lat' dir='ltr'>ulter</span> 
     </span>
     <span class='ocr_line' id='line_1_22' title="bbox 541 3008 1095 3079; baseline -0.002 -16"><span class='ocrx_word' id='word_1_172' title='bbox 541 3011 640 3079; x_wconf 79' lang='lat' dir='ltr'>turpior</span> <span class='ocrx_word' id='word_1_173' title='bbox 657 3009 682 3061; x_wconf 91' lang='lat' dir='ltr'>in</span> <span class='ocrx_word' id='word_1_174' title='bbox 695 3008 865 3079; x_wconf 85' lang='lat' dir='ltr'><strong>Aristophane</strong></span> <span class='ocrx_word' id='word_1_175' title='bbox 883 3011 989 3064; x_wconf 87' lang='lat' dir='ltr'>indicari</span> <span class='ocrx_word' id='word_1_176' title='bbox 1006 3012 1095 3079; x_wconf 83' lang='lat' dir='ltr'>possit.</span> 
     </span>
     <span class='ocr_line' id='line_1_23' title="bbox 542 3095 1097 3165; baseline -0.004 -15"><span class='ocrx_word' id='word_1_177' title='bbox 542 3095 577 3150; x_wconf 80' lang='lat' dir='ltr'>At</span> <span class='ocrx_word' id='word_1_178' title='bbox 599 3112 650 3149; x_wconf 90' lang='lat' dir='ltr'>nou</span> <span class='ocrx_word' id='word_1_179' title='bbox 674 3097 778 3159; x_wconf 82' lang='lat' dir='ltr'>attinet,</span> <span class='ocrx_word' id='word_1_180' title='bbox 803 3102 916 3164; x_wconf 89' lang='lat' dir='ltr'>repetere</span> <span class='ocrx_word' id='word_1_181' title='bbox 940 3100 1097 3165; x_wconf 82' lang='lat' dir='ltr'>argumenta,</span> 
     </span>
     <span class='ocr_line' id='line_1_24' title="bbox 541 3181 1095 3252; baseline -0.004 -16"><span class='ocrx_word' id='word_1_182' title='bbox 541 3199 606 3252; x_wconf 85' lang='lat' dir='ltr'>quae</span> <span class='ocrx_word' id='word_1_183' title='bbox 630 3183 662 3235; x_wconf 86' lang='lat' dir='ltr'>ad</span> <span class='ocrx_word' id='word_1_184' title='bbox 686 3183 751 3234; x_wconf 86' lang='lat' dir='ltr'>hanc</span> <span class='ocrx_word' id='word_1_185' title='bbox 773 3181 859 3233; x_wconf 82' lang='lat' dir='ltr'>fratris</span> <span class='ocrx_word' id='word_1_186' title='bbox 882 3184 931 3234; x_wconf 91' lang='lat' dir='ltr'>mei</span> <span class='ocrx_word' id='word_1_187' title='bbox 953 3183 995 3234; x_wconf 88' lang='lat' dir='ltr'>W.</span> <span class='ocrx_word' id='word_1_188' title='bbox 1015 3183 1045 3235; x_wconf 87' lang='lat' dir='ltr'>A.</span> <span class='ocrx_word' id='word_1_189' title='bbox 1065 3183 1095 3234; x_wconf 91' lang='lat' dir='ltr'>H.</span> 
     </span>
     <span class='ocr_line' id='line_1_25' title="bbox 541 3266 1097 3338; baseline -0.004 -15"><span class='ocrx_word' id='word_1_190' title='bbox 541 3270 692 3323; x_wconf 81' lang='lat' dir='ltr'>sententiam</span> <span class='ocrx_word' id='word_1_191' title='bbox 728 3266 926 3319; x_wconf 85' lang='lat' dir='ltr'>confirmandam</span> <span class='ocrx_word' id='word_1_192' title='bbox 954 3270 1097 3338; x_wconf 86' lang='lat' dir='ltr'>nuperrime</span> 
     </span>
     <span class='ocr_line' id='line_1_26' title="bbox 539 3352 1098 3424; baseline -0.002 -15"><span class='ocrx_word' id='word_1_193' title='bbox 539 3356 644 3424; x_wconf 81' lang='lat' dir='ltr'>scripsit</span> <span class='ocrx_word' id='word_1_194' title='bbox 667 3354 777 3417; x_wconf 83' lang='lat' dir='ltr'>amicus,</span> <span class='ocrx_word' id='word_1_195' title='bbox 800 3354 881 3421; x_wconf 91' lang='lat' dir='ltr'>iisque</span> <span class='ocrx_word' id='word_1_196' title='bbox 904 3352 989 3421; x_wconf 88' lang='lat' dir='ltr'>potius</span> <span class='ocrx_word' id='word_1_197' title='bbox 1012 3370 1098 3424; x_wconf 92' lang='lat' dir='ltr'>super·</span> 
     </span>
     <span class='ocr_line' id='line_1_27' title="bbox 541 3439 1097 3508; baseline 0 -14"><span class='ocrx_word' id='word_1_198' title='bbox 541 3441 625 3494; x_wconf 88' lang='lat' dir='ltr'>sedeo.</span> <span class='ocrx_word' id='word_1_199' title='bbox 633 3442 648 3466; x_wconf 92' lang='lat'><strong>“</strong></span> <span class='ocrx_word' id='word_1_200' title='bbox 683 3440 812 3492; x_wconf 82' lang='lat' dir='ltr'>Hactenus</span> <span class='ocrx_word' id='word_1_201' title='bbox 830 3439 885 3491; x_wconf 84' lang='lat' dir='ltr'>iile:</span> <span class='ocrx_word' id='word_1_202' title='bbox 909 3439 942 3491; x_wconf 84' lang='lat' dir='ltr'>ad</span> <span class='ocrx_word' id='word_1_203' title='bbox 959 3456 1024 3508; x_wconf 85' lang='lat' dir='ltr'>quae</span> <span class='ocrx_word' id='word_1_204' title='bbox 1040 3442 1097 3494; x_wconf 84' lang='lat' dir='ltr'>ride</span> 
     </span>
     <span class='ocr_line' id='line_1_28' title="bbox 540 3524 1096 3595; baseline 0 -16"><span class='ocrx_word' id='word_1_205' title='bbox 540 3526 602 3595; x_wconf 90' lang='lat' dir='ltr'>quid</span> <span class='ocrx_word' id='word_1_206' title='bbox 624 3525 742 3578; x_wconf 83' lang='lat' dir='ltr'>Comicus</span> <span class='ocrx_word' id='word_1_207' title='bbox 760 3524 926 3593; x_wconf 88' lang='lat' dir='ltr'>respondeat,</span> <span class='ocrx_word' id='word_1_208' title='bbox 944 3525 1096 3595; x_wconf 87' lang='lat' dir='ltr'>Thesmoph.</span> 
     </span>
     <span class='ocr_line' id='line_1_29' title="bbox 540 3609 1097 3680; baseline 0.004 -17"><span class='ocrx_word' id='word_1_209' title='bbox 540 3609 581 3663; x_wconf 81' lang='lat'>48.</span> <span class='ocrx_word' id='word_1_210' title='bbox 605 3640 638 3647; x_wconf 96' lang='lat'>—</span> <span class='ocrx_word' id='word_1_211' title='bbox 661 3611 779 3664; x_wconf 78' lang='lat' dir='ltr'>Ceterum</span> <span class='ocrx_word' id='word_1_212' title='bbox 799 3610 874 3663; x_wconf 90' lang='lat' dir='ltr'>Dind.</span> <span class='ocrx_word' id='word_1_213' title='bbox 896 3626 978 3680; x_wconf 86' lang='lat' dir='ltr'>comp.</span> <span class='ocrx_word' id='word_1_214' title='bbox 1000 3611 1097 3666; x_wconf 81' lang='lat' dir='ltr'>Iacobo.</span> 
     </span>
     <span class='ocr_line' id='line_1_30' title="bbox 541 3694 1095 3766; baseline 0.002 -18"><span class='ocrx_word' id='word_1_215' title='bbox 541 3696 575 3748; x_wconf 83' lang='lat' dir='ltr'>ad</span> <span class='ocrx_word' id='word_1_216' title='bbox 593 3694 696 3748; x_wconf 85' lang='lat' dir='ltr'>Anthol.</span> <span class='ocrx_word' id='word_1_217' title='bbox 720 3697 732 3749; x_wconf 92' lang='lat'><em>1</em></span> <span class='ocrx_word' id='word_1_218' title='bbox 749 3713 774 3765; x_wconf 91' lang='lat' dir='ltr'>p.</span> <span class='ocrx_word' id='word_1_219' title='bbox 789 3697 846 3749; x_wconf 81' lang='lat'>164.</span> <span class='ocrx_word' id='word_1_220' title='bbox 882 3696 1044 3766; x_wconf 82' lang='lat' dir='ltr'>Oudendorp.</span> <span class='ocrx_word' id='word_1_221' title='bbox 1063 3699 1095 3750; x_wconf 89' lang='lat' dir='ltr'>ad</span> 
     </span>
     <span class='ocr_line' id='line_1_31' title="bbox 540 3781 1094 3852; baseline 0 -17"><span class='ocrx_word' id='word_1_222' title='bbox 540 3782 658 3851; x_wconf 86' lang='lat' dir='ltr'>Appulei.</span> <span class='ocrx_word' id='word_1_223' title='bbox 683 3784 695 3835; x_wconf 88' lang='lat'><em>1</em></span> <span class='ocrx_word' id='word_1_224' title='bbox 718 3801 743 3852; x_wconf 94' lang='lat' dir='ltr'>p.</span> <span class='ocrx_word' id='word_1_225' title='bbox 764 3783 820 3835; x_wconf 83' lang='grc'><strong>117.</strong></span> <span class='ocrx_word' id='word_1_226' title='bbox 866 3781 903 3835; x_wconf 83' lang='grc'>01.</span> <span class='ocrx_word' id='word_1_227' title='bbox 927 3783 946 3834; x_wconf 92' lang='grc' dir='ltr'><strong>Ι.</strong></span> <span class='ocrx_word' id='word_1_228' title='bbox 964 3783 995 3834; x_wconf 89' lang='grc' dir='ltr'><strong>Η.</strong></span> <span class='ocrx_word' id='word_1_229' title='bbox 1019 3783 1094 3835; x_wconf 90' lang='lat' dir='ltr'>Voss.</span> 
     </span>
     <span class='ocr_line' id='line_1_32' title="bbox 540 3868 902 3937; baseline -0.006 -16"><span class='ocrx_word' id='word_1_230' title='bbox 540 3868 612 3937; x_wconf 87' lang='lat' dir='ltr'>Virg.</span> <span class='ocrx_word' id='word_1_231' title='bbox 631 3868 723 3936; x_wconf 80' lang='lat' dir='ltr'>Georg.</span> <span class='ocrx_word' id='word_1_232' title='bbox 742 3870 761 3933; x_wconf 90' lang='grc' dir='ltr'>Ι,</span> <span class='ocrx_word' id='word_1_233' title='bbox 779 3868 830 3920; x_wconf 87' lang='grc'>300</span> <span class='ocrx_word' id='word_1_234' title='bbox 847 3884 902 3937; x_wconf 89' lang='lat' dir='ltr'><strong>sqq.</strong></span> 
     </span>
    </p>

    <p class='ocr_par' dir='ltr' id='par_1_14' title="bbox 538 3953 1097 4283">
     <span class='ocr_line' id='line_1_33' title="bbox 592 3953 1096 4025; baseline 0.008 -20"><span class='ocrx_word' id='word_1_235' title='bbox 592 3970 616 4006; x_wconf 87' lang='grc' dir='ltr'>ν.</span> <span class='ocrx_word' id='word_1_236' title='bbox 636 3953 694 4007; x_wconf 87' lang='grc'><strong>264.</strong></span> <span class='ocrx_word' id='word_1_237' title='bbox 723 3954 763 4007; x_wconf 81' lang='lat' dir='ltr'>Ex</span> <span class='ocrx_word' id='word_1_238' title='bbox 779 3954 828 4007; x_wconf 93' lang='lat' dir='ltr'>hoc</span> <span class='ocrx_word' id='word_1_239' title='bbox 845 3969 921 4006; x_wconf 84' lang='lat' dir='ltr'>uersu</span> <span class='ocrx_word' id='word_1_240' title='bbox 938 3958 964 4007; x_wconf 88' lang='lat' dir='ltr'>et</span> <span class='ocrx_word' id='word_1_241' title='bbox 981 3958 1096 4025; x_wconf 88' lang='lat' dir='ltr'>sequenti</span> 
     </span>
     <span class='ocr_line' id='line_1_34' title="bbox 539 4040 1096 4110; baseline 0.005 -18"><span class='ocrx_word' id='word_1_242' title='bbox 539 4040 658 4108; x_wconf 82' lang='lat' dir='ltr'>colligas,</span> <span class='ocrx_word' id='word_1_243' title='bbox 681 4040 824 4110; x_wconf 79' lang='lat' dir='ltr'>Vesperum</span> <span class='ocrx_word' id='word_1_244' title='bbox 847 4040 960 4094; x_wconf 85' lang='lat' dir='ltr'>fabulam</span> <span class='ocrx_word' id='word_1_245' title='bbox 982 4057 1033 4094; x_wconf 88' lang='lat' dir='ltr'>non</span> <span class='ocrx_word' id='word_1_246' title='bbox 1049 4042 1096 4095; x_wconf 89' lang='lat' dir='ltr'>Le·</span> 
     </span>
     <span class='ocr_line' id='line_1_35' title="bbox 539 4126 1097 4196; baseline 0.002 -17"><span class='ocrx_word' id='word_1_247' title='bbox 539 4127 610 4179; x_wconf 84' lang='lat' dir='ltr'>nasis</span> <span class='ocrx_word' id='word_1_248' title='bbox 643 4126 689 4179; x_wconf 90' lang='lat' dir='ltr'>sed</span> <span class='ocrx_word' id='word_1_249' title='bbox 722 4127 822 4196; x_wconf 84' lang='lat' dir='ltr'>magnis</span> <span class='ocrx_word' id='word_1_250' title='bbox 856 4128 985 4196; x_wconf 83' lang='lat' dir='ltr'>Dionysiis</span> <span class='ocrx_word' id='word_1_251' title='bbox 1014 4130 1097 4180; x_wconf 85' lang='lat' dir='ltr'>actam</span> 
     </span>
     <span class='ocr_line' id='line_1_36' title="bbox 538 4212 918 4283; baseline 0 -17"><span class='ocrx_word' id='word_1_252' title='bbox 538 4228 604 4266; x_wconf 87' lang='lat' dir='ltr'>esse.</span> <span class='ocrx_word' id='word_1_253' title='bbox 639 4212 697 4265; x_wconf 91' lang='lat' dir='ltr'>Vid.</span> <span class='ocrx_word' id='word_1_254' title='bbox 715 4213 814 4283; x_wconf 84' lang='lat' dir='ltr'>Proleg.</span> <span class='ocrx_word' id='word_1_255' title='bbox 833 4232 858 4283; x_wconf 94' lang='lat' dir='ltr'>p.</span> <span class='ocrx_word' id='word_1_256' title='bbox 877 4213 918 4266; x_wconf 82' lang='grc'>21.</span> 
     </span>
    </p>

    <p class='ocr_par' dir='ltr' id='par_1_15' title="bbox 537 4297 1096 4623">
     <span class='ocr_line' id='line_1_37' title="bbox 590 4297 1096 4372; baseline 0.004 -21"><span class='ocrx_word' id='word_1_257' title='bbox 590 4316 613 4351; x_wconf 87' lang='grc' dir='ltr'>ν.</span> <span class='ocrx_word' id='word_1_258' title='bbox 633 4297 691 4353; x_wconf 86' lang='grc'><strong>265.</strong></span> <span class='ocrx_word' id='word_1_259' title='bbox 722 4298 817 4372; x_wconf 84' lang='grc' dir='ltr'>βόρειον</span> <span class='ocrx_word' id='word_1_260' title='bbox 830 4298 1096 4372; x_wconf 75' lang='grc' dir='ltr'><strong>ν11111υι11τοκοριατι-</strong></span> 
     </span>
     <span class='ocr_line' id='line_1_38' title="bbox 539 4384 1095 4459; baseline 0 -22"><span class='ocrx_word' id='word_1_261' title='bbox 539 4390 593 4445; x_wconf 81' lang='grc' dir='ltr'>κῶς</span> <span class='ocrx_word' id='word_1_262' title='bbox 619 4386 714 4439; x_wconf 89' lang='lat' dir='ltr'>dictum</span> <span class='ocrx_word' id='word_1_263' title='bbox 738 4390 801 4439; x_wconf 87' lang='lat' dir='ltr'>esse&#39;</span> <span class='ocrx_word' id='word_1_264' title='bbox 817 4402 863 4455; x_wconf 91' lang='lat' dir='ltr'>pro</span> <span class='ocrx_word' id='word_1_265' title='bbox 888 4386 978 4459; x_wconf 81' lang='grc' dir='ltr'>βορρᾶς</span> <span class='ocrx_word' id='word_1_266' title='bbox 995 4386 1034 4438; x_wconf 84' lang='lat' dir='ltr'>vel</span> <span class='ocrx_word' id='word_1_267' title='bbox 1054 4384 1095 4454; x_wconf 85' lang='grc' dir='ltr'>βο-</span> 
     </span>
     <span class='ocr_line' id='line_1_39' title="bbox 539 4471 1094 4542; baseline 0.004 -20"><span class='ocrx_word' id='word_1_268' title='bbox 539 4471 604 4542; x_wconf 83' lang='grc' dir='ltr'>ρέας.</span> <span class='ocrx_word' id='word_1_269' title='bbox 633 4472 708 4525; x_wconf 91' lang='lat' dir='ltr'>Dind.</span> <span class='ocrx_word' id='word_1_270' title='bbox 727 4488 809 4541; x_wconf 91' lang='lat' dir='ltr'>comp.</span> <span class='ocrx_word' id='word_1_271' title='bbox 827 4472 895 4525; x_wconf 85' lang='lat' dir='ltr'>Xon.</span> <span class='ocrx_word' id='word_1_272' title='bbox 914 4471 1009 4540; x_wconf 80' lang='lat' dir='ltr'>Cyneg.</span> <span class='ocrx_word' id='word_1_273' title='bbox 1028 4471 1052 4536; x_wconf 86' lang='grc'>8,</span> <span class='ocrx_word' id='word_1_274' title='bbox 1072 4473 1094 4524; x_wconf 94' lang='grc'>1.</span> 
     </span>
     <span class='ocr_line' id='line_1_40' title="bbox 537 4554 1094 4623; baseline 0.009 -16"><span class='ocrx_word' id='word_1_275' title='bbox 537 4554 594 4609; x_wconf 88' lang='lat' dir='ltr'>Hoc</span> <span class='ocrx_word' id='word_1_276' title='bbox 618 4560 701 4611; x_wconf 84' lang='lat' dir='ltr'>autem</span> <span class='ocrx_word' id='word_1_277' title='bbox 719 4573 794 4611; x_wconf 82' lang='lat' dir='ltr'>uersu</span> <span class='ocrx_word' id='word_1_278' title='bbox 813 4559 928 4623; x_wconf 83' lang='lat' dir='ltr'>cantato,</span> <span class='ocrx_word' id='word_1_279' title='bbox 953 4557 1045 4610; x_wconf 88' lang='lat' dir='ltr'>chorus</span> <span class='ocrx_word' id='word_1_280' title='bbox 1067 4558 1094 4612; x_wconf 93' lang='lat' dir='ltr'>in</span> 
     </span>
    </p>
   </div>
   <div class='ocr_carea' id='block_1_14' title="bbox 1145 2753 1698 3773">
    <p class='ocr_par' dir='ltr' id='par_1_16' title="bbox 1145 2753 1698 3773">
     <span class='ocr_line' id='line_1_41' title="bbox 1146 2753 1694 2822; baseline 0.009 -18"><span class='ocrx_word' id='word_1_281' title='bbox 1146 2753 1255 2805; x_wconf 77' lang='lat' dir='ltr'>inediam</span> <span class='ocrx_word' id='word_1_282' title='bbox 1284 2753 1438 2806; x_wconf 80' lang='lat' dir='ltr'>orchestram</span> <span class='ocrx_word' id='word_1_283' title='bbox 1469 2758 1594 2822; x_wconf 86' lang='lat' dir='ltr'>pervenit.</span> <span class='ocrx_word' id='word_1_284' title='bbox 1641 2756 1694 2809; x_wconf 80' lang='lat' dir='ltr'>Cho</span> 
     </span>
     <span class='ocr_line' id='line_1_42' title="bbox 1146 2839 1694 2911; baseline 0.004 -19"><span class='ocrx_word' id='word_1_285' title='bbox 1146 2843 1232 2892; x_wconf 86' lang='lat' dir='ltr'>routae</span> <span class='ocrx_word' id='word_1_286' title='bbox 1250 2839 1408 2892; x_wconf 84' lang='lat' dir='ltr'>dextrorsum</span> <span class='ocrx_word' id='word_1_287' title='bbox 1426 2843 1531 2893; x_wconf 84' lang='lat' dir='ltr'>vertunt</span> <span class='ocrx_word' id='word_1_288' title='bbox 1552 2843 1635 2911; x_wconf 87' lang='lat' dir='ltr'>primo</span> <span class='ocrx_word' id='word_1_289' title='bbox 1651 2842 1694 2894; x_wconf 80' lang='lat' dir='ltr'>rul-</span> 
     </span>
     <span class='ocr_line' id='line_1_43' title="bbox 1146 2926 1696 2993; baseline 0.004 -16"><span class='ocrx_word' id='word_1_290' title='bbox 1146 2930 1208 2989; x_wconf 88' lang='lat' dir='ltr'>tum,</span> <span class='ocrx_word' id='word_1_291' title='bbox 1227 2926 1317 2977; x_wconf 87' lang='lat' dir='ltr'>deiude</span> <span class='ocrx_word' id='word_1_292' title='bbox 1330 2941 1423 2993; x_wconf 89' lang='lat' dir='ltr'>corpus</span> <span class='ocrx_word' id='word_1_293' title='bbox 1434 2929 1527 2980; x_wconf 87' lang='lat' dir='ltr'>totum.</span> <span class='ocrx_word' id='word_1_294' title='bbox 1559 2928 1696 2982; x_wconf 84' lang='lat' dir='ltr'>Subsistunt</span> 
     </span>
     <span class='ocr_line' id='line_1_44' title="bbox 1147 3012 1695 3083; baseline 0.004 -19"><span class='ocrx_word' id='word_1_295' title='bbox 1147 3013 1213 3064; x_wconf 89' lang='lat' dir='ltr'>enim</span> <span class='ocrx_word' id='word_1_296' title='bbox 1238 3016 1296 3064; x_wconf 83' lang='lat' dir='ltr'>ante</span> <span class='ocrx_word' id='word_1_297' title='bbox 1321 3012 1396 3063; x_wconf 82' lang='lat' dir='ltr'>aedes</span> <span class='ocrx_word' id='word_1_298' title='bbox 1419 3012 1608 3077; x_wconf 89' lang='lat' dir='ltr'>Philocleonis,</span> <span class='ocrx_word' id='word_1_299' title='bbox 1631 3030 1695 3083; x_wconf 86' lang='lat' dir='ltr'>quen</span> 
     </span>
     <span class='ocr_line' id='line_1_45' title="bbox 1146 3098 1695 3167; baseline 0.005 -18"><span class='ocrx_word' id='word_1_300' title='bbox 1146 3099 1248 3166; x_wconf 87' lang='lat' dir='ltr'>reliquis</span> <span class='ocrx_word' id='word_1_301' title='bbox 1266 3098 1363 3150; x_wconf 86' lang='lat' dir='ltr'>diebus·</span> <span class='ocrx_word' id='word_1_302' title='bbox 1373 3098 1424 3150; x_wconf 91' lang='lat' dir='ltr'>iam</span> <span class='ocrx_word' id='word_1_303' title='bbox 1436 3102 1631 3167; x_wconf 79' lang='lat' dir='ltr'>exspectantem</span> <span class='ocrx_word' id='word_1_304' title='bbox 1647 3115 1695 3152; x_wconf 86' lang='lat' dir='ltr'>sose</span> 
     </span>
     <span class='ocr_line' id='line_1_46' title="bbox 1146 3184 1696 3255; baseline 0.004 -20"><span class='ocrx_word' id='word_1_305' title='bbox 1146 3184 1332 3253; x_wconf 85' lang='lat' dir='ltr'>deprehendere</span> <span class='ocrx_word' id='word_1_306' title='bbox 1342 3184 1466 3237; x_wconf 84' lang='lat' dir='ltr'>solebant.</span> <span class='ocrx_word' id='word_1_307' title='bbox 1485 3185 1621 3255; x_wconf 89' lang='lat' dir='ltr'>Temporis</span> <span class='ocrx_word' id='word_1_308' title='bbox 1629 3187 1696 3253; x_wconf 83' lang='lat' dir='ltr'>igitur</span> 
     </span>
     <span class='ocr_line' id='line_1_47' title="bbox 1147 3270 1696 3340; baseline 0.004 -19"><span class='ocrx_word' id='word_1_309' title='bbox 1147 3270 1332 3338; x_wconf 74' lang='lat' dir='ltr'>aliquantillum</span> <span class='ocrx_word' id='word_1_310' title='bbox 1340 3270 1494 3339; x_wconf 87' lang='lat' dir='ltr'>praeterlabi</span> <span class='ocrx_word' id='word_1_311' title='bbox 1504 3275 1615 3340; x_wconf 85' lang='lat' dir='ltr'>oportet,</span> <span class='ocrx_word' id='word_1_312' title='bbox 1624 3272 1696 3340; x_wconf 73' lang='lat' dir='ltr'>prins</span> 
     </span>
     <span class='ocr_line' id='line_1_48' title="bbox 1146 3356 1696 3426; baseline 0 -18"><span class='ocrx_word' id='word_1_313' title='bbox 1146 3373 1220 3424; x_wconf 67' lang='lat' dir='ltr'>quino</span> <span class='ocrx_word' id='word_1_314' title='bbox 1254 3358 1345 3408; x_wconf 85' lang='lat' dir='ltr'>chorus</span> <span class='ocrx_word' id='word_1_315' title='bbox 1376 3358 1466 3425; x_wconf 84' lang='lat' dir='ltr'>pergit.</span> <span class='ocrx_word' id='word_1_316' title='bbox 1516 3357 1604 3410; x_wconf 89' lang='lat' dir='ltr'>Schol.</span> <span class='ocrx_word' id='word_1_317' title='bbox 1635 3356 1696 3426; x_wconf 62' lang='lat' dir='ltr'>perd</span> 
     </span>
     <span class='ocr_line' id='line_1_49' title="bbox 1148 3440 1696 3514; baseline 0.013 -21"><span class='ocrx_word' id='word_1_318' title='bbox 1148 3460 1217 3510; x_wconf 84' lang='grc' dir='ltr'>μενοι</span> <span class='ocrx_word' id='word_1_319' title='bbox 1235 3442 1290 3514; x_wconf 84' lang='grc' dir='ltr'>περὶ</span> <span class='ocrx_word' id='word_1_320' title='bbox 1306 3441 1350 3494; x_wconf 85' lang='grc' dir='ltr'>τὸν</span> <span class='ocrx_word' id='word_1_321' title='bbox 1370 3442 1438 3494; x_wconf 79' lang='grc' dir='ltr'>οἶκον</span> <span class='ocrx_word' id='word_1_322' title='bbox 1456 3446 1502 3494; x_wconf 82' lang='grc' dir='ltr'>τοῦ</span> <span class='ocrx_word' id='word_1_323' title='bbox 1525 3440 1696 3500; x_wconf 72' lang='grc' dir='ltr'>Φιλοκλέωνος</span> 
     </span>
     <span class='ocr_line' id='line_1_50' title="bbox 1146 3528 1696 3601; baseline 0.004 -21"><span class='ocrx_word' id='word_1_324' title='bbox 1146 3528 1380 3600; x_wconf 68' lang='grc' dir='ltr'>ὑπομιμνήσκονται</span> <span class='ocrx_word' id='word_1_325' title='bbox 1397 3528 1483 3591; x_wconf 72' lang='grc' dir='ltr'>αὐτοῦ,</span> <span class='ocrx_word' id='word_1_326' title='bbox 1507 3530 1553 3581; x_wconf 83' lang='grc' dir='ltr'>καὶ</span> <span class='ocrx_word' id='word_1_327' title='bbox 1571 3531 1608 3601; x_wconf 83' lang='grc' dir='ltr'>μὴ</span> <span class='ocrx_word' id='word_1_328' title='bbox 1626 3530 1696 3601; x_wconf 76' lang='grc' dir='ltr'>ἑωρα-</span> 
     </span>
     <span class='ocr_line' id='line_1_51' title="bbox 1147 3612 1698 3686; baseline 0 -20"><span class='ocrx_word' id='word_1_329' title='bbox 1147 3615 1220 3673; x_wconf 82' lang='grc' dir='ltr'>κότες</span> <span class='ocrx_word' id='word_1_330' title='bbox 1238 3613 1314 3667; x_wconf 73' lang='grc' dir='ltr'>αὐτὸν</span> <span class='ocrx_word' id='word_1_331' title='bbox 1338 3612 1399 3684; x_wconf 67' lang='grc' dir='ltr'>μεθ’</span> <span class='ocrx_word' id='word_1_332' title='bbox 1425 3615 1524 3667; x_wconf 82' lang='grc' dir='ltr'>ἑαυτῶν</span> <span class='ocrx_word' id='word_1_333' title='bbox 1550 3615 1698 3686; x_wconf 70' lang='grc' dir='ltr'>διαλέγονται</span> 
     </span>
     <span class='ocr_line' id='line_1_52' title="bbox 1145 3700 1304 3773; baseline 0 -20"><span class='ocrx_word' id='word_1_334' title='bbox 1145 3701 1199 3773; x_wconf 82' lang='grc' dir='ltr'>περὶ</span> <span class='ocrx_word' id='word_1_335' title='bbox 1218 3700 1304 3753; x_wconf 70' lang='grc' dir='ltr'>αὐτοῦ.</span> 
     </span>
    </p>
   </div>
   <div class='ocr_carea' id='block_1_15' title="bbox 1143 3820 1698 4233">
    <p class='ocr_par' dir='ltr' id='par_1_17' title="bbox 1143 3820 1698 4233">
     <span class='ocr_line' id='line_1_53' title="bbox 1197 3820 1698 3895; baseline 0.006 -22"><span class='ocrx_word' id='word_1_336' title='bbox 1197 3839 1220 3873; x_wconf 95' lang='grc' dir='ltr'>ν.</span> <span class='ocrx_word' id='word_1_337' title='bbox 1239 3822 1296 3874; x_wconf 83' lang='grc'><strong>268.</strong></span> <span class='ocrx_word' id='word_1_338' title='bbox 1326 3820 1447 3894; x_wconf 73' lang='grc' dir='ltr'>ἐρυλκόςτ</span> <span class='ocrx_word' id='word_1_339' title='bbox 1465 3822 1698 3895; x_wconf 76' lang='grc' dir='ltr'><strong>111101.ἐρολκ1ς-·</strong></span> 
     </span>
     <span class='ocr_line' id='line_1_54' title="bbox 1146 3906 1697 3980; baseline 0.004 -22"><span class='ocrx_word' id='word_1_340' title='bbox 1146 3906 1162 3975; x_wconf 81' lang='grc' dir='ltr'>ἡ</span> <span class='ocrx_word' id='word_1_341' title='bbox 1187 3906 1279 3976; x_wconf 83' lang='grc' dir='ltr'>λέμβος</span> <span class='ocrx_word' id='word_1_342' title='bbox 1302 3906 1358 3979; x_wconf 76' lang='grc' dir='ltr'>ἤτοι</span> <span class='ocrx_word' id='word_1_343' title='bbox 1382 3907 1398 3976; x_wconf 79' lang='grc' dir='ltr'>ἡ</span> <span class='ocrx_word' id='word_1_344' title='bbox 1424 3907 1503 3979; x_wconf 80' lang='grc' dir='ltr'>μικρὰ</span> <span class='ocrx_word' id='word_1_345' title='bbox 1529 3914 1594 3967; x_wconf 75' lang='grc' dir='ltr'>ναῦς</span> <span class='ocrx_word' id='word_1_346' title='bbox 1615 3909 1632 3980; x_wconf 74' lang='grc' dir='ltr'>ἡ</span> <span class='ocrx_word' id='word_1_347' title='bbox 1654 3907 1697 3979; x_wconf 76' lang='lat' dir='ltr'>‘op’</span> 
     </span>
     <span class='ocr_line' id='line_1_55' title="bbox 1143 3992 1698 4065; baseline 0.002 -22"><span class='ocrx_word' id='word_1_348' title='bbox 1143 3993 1228 4064; x_wconf 76' lang='grc' dir='ltr'>ἑτέρας</span> <span class='ocrx_word' id='word_1_349' title='bbox 1250 3994 1313 4051; x_wconf 80' lang='grc' dir='ltr'>νεὼς</span> <span class='ocrx_word' id='word_1_350' title='bbox 1336 3993 1460 4065; x_wconf 80' lang='grc' dir='ltr'>ἑλκομένη</span> <span class='ocrx_word' id='word_1_351' title='bbox 1491 3992 1532 4046; x_wconf 81' lang='grc' dir='ltr'>διὰ</span> <span class='ocrx_word' id='word_1_352' title='bbox 1560 3993 1698 4065; x_wconf 73' lang='grc' dir='ltr'>βραδυτῆτα</span> 
     </span>
     <span class='ocr_line' id='line_1_56' title="bbox 1147 4079 1698 4152; baseline 0.002 -22"><span class='ocrx_word' id='word_1_353' title='bbox 1147 4080 1238 4140; x_wconf 89' lang='lat' dir='ltr'>(immo</span> <span class='ocrx_word' id='word_1_354' title='bbox 1271 4079 1311 4131; x_wconf 78' lang='grc' dir='ltr'>διὰ</span> <span class='ocrx_word' id='word_1_355' title='bbox 1344 4079 1504 4152; x_wconf 80' lang='grc' dir='ltr'>μικρότητα).</span> <span class='ocrx_word' id='word_1_356' title='bbox 1552 4081 1607 4133; x_wconf 85' lang='lat' dir='ltr'>Nos</span> <span class='ocrx_word' id='word_1_357' title='bbox 1638 4081 1698 4132; x_wconf 84' lang='lat' dir='ltr'>fere:</span> 
     </span>
     <span class='ocr_line' id='line_1_57' title="bbox 1147 4164 1345 4233; baseline -0.005 -16"><span class='ocrx_word' id='word_1_358' title='bbox 1147 4164 1345 4233; x_wconf 80' lang='lat' dir='ltr'>„Nachzrigler.“</span> 
     </span>
    </p>
   </div>
   <div class='ocr_carea' id='block_1_16' title="bbox 1145 4282 1698 4426">
    <p class='ocr_par' dir='ltr' id='par_1_18' title="bbox 1145 4282 1698 4426">
     <span class='ocr_line' id='line_1_58' title="bbox 1198 4282 1698 4359; baseline 0.002 -22"><span class='ocrx_word' id='word_1_359' title='bbox 1198 4303 1221 4337; x_wconf 92' lang='grc' dir='ltr'>ν.</span> <span class='ocrx_word' id='word_1_360' title='bbox 1241 4285 1298 4338; x_wconf 72' lang='lat' dir='ltr'>nort.</span> <span class='ocrx_word' id='word_1_361' title='bbox 1325 4282 1452 4359; x_wconf 78' lang='grc' dir='ltr'>Φρυνίχου</span> <span class='ocrx_word' id='word_1_362' title='bbox 1471 4287 1526 4339; x_wconf 88' lang='lat' dir='ltr'>scil.</span> <span class='ocrx_word' id='word_1_363' title='bbox 1546 4287 1633 4356; x_wconf 82' lang='grc' dir='ltr'>μέλας.</span> <span class='ocrx_word' id='word_1_364' title='bbox 1652 4286 1698 4339; x_wconf 86' lang='lat' dir='ltr'>rid</span> 
     </span>
     <span class='ocr_line' id='line_1_59' title="bbox 1145 4369 1551 4426; baseline 0.012 -6"><span class='ocrx_word' id='word_1_365' title='bbox 1145 4369 1178 4421; x_wconf 87' lang='lat' dir='ltr'>ud</span> <span class='ocrx_word' id='word_1_366' title='bbox 1195 4387 1218 4421; x_wconf 93' lang='grc' dir='ltr'>ν.</span> <span class='ocrx_word' id='word_1_367' title='bbox 1238 4371 1288 4424; x_wconf 87' lang='grc'>220</span> <span class='ocrx_word' id='word_1_368' title='bbox 1305 4375 1332 4424; x_wconf 85' lang='grc'>11</span> <span class='ocrx_word' id='word_1_369' title='bbox 1348 4372 1414 4423; x_wconf 84' lang='lat' dir='ltr'>inira</span> <span class='ocrx_word' id='word_1_370' title='bbox 1430 4389 1454 4424; x_wconf 89' lang='grc' dir='ltr'>ν.</span> <span class='ocrx_word' id='word_1_371' title='bbox 1476 4372 1551 4426; x_wconf 80' lang='grc'><strong>1225.</strong></span> 
     </span>
    </p>
   </div>
   <div class='ocr_carea' id='block_1_17' title="bbox 1143 4475 1699 4634">
    <p class='ocr_par' dir='ltr' id='par_1_19' title="bbox 1143 4475 1699 4634">
     <span class='ocr_line' id='line_1_60' title="bbox 1195 4475 1699 4546; baseline 0.006 -20"><span class='ocrx_word' id='word_1_372' title='bbox 1195 4491 1219 4526; x_wconf 93' lang='grc' dir='ltr'>ν.</span> <span class='ocrx_word' id='word_1_373' title='bbox 1239 4475 1296 4527; x_wconf 81' lang='grc'><strong>210,</strong></span> <span class='ocrx_word' id='word_1_374' title='bbox 1323 4475 1360 4527; x_wconf 82' lang='lat' dir='ltr'>De</span> <span class='ocrx_word' id='word_1_375' title='bbox 1379 4475 1486 4533; x_wconf 80' lang='grc' dir='ltr'>στάντας</span> <span class='ocrx_word' id='word_1_376' title='bbox 1500 4476 1592 4530; x_wconf 81' lang='lat' dir='ltr'>dixiin</span> <span class='ocrx_word' id='word_1_377' title='bbox 1604 4478 1699 4546; x_wconf 73' lang='lat' dir='ltr'>Prolcg.</span> 
     </span>
     <span class='ocr_line' id='line_1_61' title="bbox 1143 4560 1699 4634; baseline 0.007 -23"><span class='ocrx_word' id='word_1_378' title='bbox 1143 4577 1167 4628; x_wconf 92' lang='lat' dir='ltr'>p.</span> <span class='ocrx_word' id='word_1_379' title='bbox 1184 4560 1217 4611; x_wconf 79' lang='lat'>77</span> <span class='ocrx_word' id='word_1_380' title='bbox 1230 4576 1267 4630; x_wconf 90' lang='lat' dir='ltr'>sq.</span> <span class='ocrx_word' id='word_1_381' title='bbox 1291 4561 1323 4614; x_wconf 85' lang='lat' dir='ltr'>ci.</span> <span class='ocrx_word' id='word_1_382' title='bbox 1340 4560 1432 4628; x_wconf 83' lang='lat' dir='ltr'>Bergk.</span> <span class='ocrx_word' id='word_1_383' title='bbox 1450 4561 1507 4615; x_wconf 79' lang='lat' dir='ltr'>Rol.</span> <span class='ocrx_word' id='word_1_384' title='bbox 1526 4561 1599 4617; x_wconf 86' lang='lat' dir='ltr'>Gom.</span> <span class='ocrx_word' id='word_1_385' title='bbox 1618 4581 1644 4634; x_wconf 91' lang='lat' dir='ltr'>p.</span> <span class='ocrx_word' id='word_1_386' title='bbox 1661 4562 1699 4616; x_wconf 89' lang='grc'>31.</span> 
     </span>
    </p>
   </div>
   <div class='ocr_carea' id='block_1_18' title="bbox 0 0 2246 5467">
    <p class='ocr_par' dir='ltr' id='par_1_20' title="bbox 0 0 2246 5467">
     <span class='ocr_line' id='line_1_62' title="bbox 0 0 2246 5467; baseline 0 1"><span class='ocrx_word' id='word_1_387' title='bbox 0 0 2246 5467; x_wconf 95' lang='lat' dir='ltr'> </span> 
     </span>
    </p>
   </div>
  </div>
 </body>
</html>
