4484 5467
1083 626 1279 685 ΣΦΗΚΕΣ

1061 798 1300 857 ΒΔΕΛΥΚΛΕΩΝ.

759 898 811 983 δᾲς
833 900 905 981 ἥδε;

1076 1021 1284 1080 ΦΙΛΟΚΛΕΩΝ.

912 1100 966 1204 δᾷς
989 1119 1067 1203 δῆτ’.
1093 1119 1152 1205 οὐχ
1174 1122 1246 1205 ὁρᾷς
1268 1122 1460 1207 ἐστιγμένηνς

1063 1242 1301 1301 ΒΔΕΛΥΚΛΕΩΝ.

757 1345 785 1407 τί
807 1343 896 1406 δὲτὸ
919 1343 1011 1427 μέλαν
1036 1342 1118 1407 τοῦτ’
1143 1344 1220 1408 ἐστίν
1244 1344 1340 1429 αὐτῆς
1361 1343 1432 1410 τούν
1457 1346 1556 1431 μέσῳ;

1079 1466 1285 1526 ΦΙΛΟΚΛΕΩΝ.

757 1571 776 1651 ἡ
800 1567 884 1630 πίττα
906 1567 1003 1650 δήπου
1026 1566 1178 1651 καομένης
1199 1566 1359 1653 ἐξέρχεται.

1063 1671 1302 1730 ΒΔΕΛΥΚΛΕΩΝ.

761 1772 829 1836 ὁδ’
854 1768 977 1835 ὄπισθεν
1001 1771 1071 1857 οὐχὶ
1093 1770 1231 1857 πρωκτός
1252 1771 1330 1836 ἐστιν
1355 1773 1475 1848 οὑτοσίς

1077 1896 1287 1954 ΦΙΛΟΚΛΕΩΝ.

759 1994 830 2070 ὄζος
853 1996 907 2081 μὲν
930 1993 983 2059 οδν
1004 2000 1061 2079 τῆς
1082 1995 1174 2079 δᾳδὸς
1196 1994 1286 2065 οὗτος
1307 1996 1413 2083 ἐξέχει.

1062 2118 1301 2177 ΒΔΕΛΥΚΛΕΩΝ.

758 2222 786 2283 τί
807 2220 902 2305 λέγεις
925 2218 978 2296 σύ;
1000 2223 1086 2288 ποῖος
1109 2216 1197 2296 iton
1221 2218 1277 2283 οὐκ
1299 2219 1328 2283 εί
1351 2222 1441 2307 δεῦρο
1465 2219 1517 2299 σό;
1572 2238 1575 2242 ·

1078 2341 1286 2401 ΦΙΛΟΚΛΕΩΝ.

760 2442 789 2522 ἆ,
812 2441 841 2523 ἅ,
863 2444 892 2507 τί
915 2442 1032 2527 μέλλεις
1054 2445 1142 2529 δρᾶν;

1063 2565 1300 2624 ΒΔΕΛΥΚΛΕΩΝ.

1148 2666 1229 2750 ἄγειν
1251 2664 1359 2751 ταύτην
1383 2654 1483 2754 λαβὼν

760 2776 947 2864 ἀφελόμενός
969 2804 1003 2844 σε
1024 2782 1075 2843 καὶ
1096 2780 1223 2865 νομίσας
1246 2778 1277 2843 α’
1302 2777 1379 2843 εἶναι
1403 2779 1516 2865 σαπρὸν

759 2891 867 2955 κούδὲν
890 2890 1035 2955 δύνασθαι
1059 2893 1141 2976 δρᾶν.

1075 3012 1284 3071 ΦΙΛΟΚΛΕΩΝ.

1146 3110 1277 3178 ἄκουσόν
1300 3135 1351 3177 νυν
1373 3114 1469 3199 ἐμοῦ.

757 3221 957 3310 Ὀλυμπίασιν
979 3220 1058 3309 ἡνίκ’
1083 3223 1236 3310 ἐθεώρουν
1259 3222 1329 3307 ἐγώ,

640 3508 664 3545 ν.
679 3489 753 3544 1374.
769 3487 828 3542 τοίνν
846 3488 879 3543 V.
897 3488 967 3543 Suid.
986 3506 1007 3545 s,
1025 3505 1049 3544 ν.
1067 3488 1130 3549 δαίς.
1149 3488 1228 3560 αὐτῆς
1244 3503 1294 3543 om.
1312 3488 1344 3542 V.

641 3610 665 3647 v.
679 3592 752 3647 1380.
787 3591 892 3662 νομίσας
909 3593 934 3647 σ’
953 3593 1015 3647 τίναι
1032 3593 1127 3667 σαπρὸν
1141 3593 1268 3663 Hirsrhig.
1280 3592 1373 3662 Bergk.
1386 3592 1426 3646 ed.
1438 3591 1470 3646 11.
1487 3593 1592 3660 νομίσας
1603 3593 1664 3647 εἶναι
1675 3596 1766 3664 vulgo.

641 3712 665 3749 r.
680 3696 753 3752 1382.
788 3692 951 3767 Ὀλυμπιᾶσιν
974 3700 1006 3752 R.
1028 3694 1194 3767 Ὀλυμπίασιν
1215 3698 1279 3752 Vom
1301 3713 1352 3752 sec.
1375 3697 1437 3750 Gob.
1460 3694 1539 3752 Rem
1562 3696 1637 3751 Dind.
1660 3698 1766 3753 mmm

609 3919 694 3993 δᾷδας.
726 3921 814 3991 Supra
842 3923 909 3976 enim
936 3939 961 3978 ν.
987 3921 1051 3976 1361
1082 3938 1161 3977 senex
1263 3939 1288 3976 r.
1306 3920 1382 3975 1374.
1422 3922 1515 3991 μέλανι
1539 3921 1618 3976 schol.
1640 3922 1697 3994 περὶ
1720 3927 1768 3976 τοῦ

609 4008 721 4061 dixerat:
731 4004 806 4080 στῆθι
816 4006 892 4062 τάσδε
902 4008 948 4068 τὰς
960 4008 1033 4069 δετὰς
1044 4007 1160 4077 λαβοῦσ’,
1211 4007 1352 4078 γυναικείου
1368 4005 1462 4061 αίδοίου
1475 4008 1557 4081 ἐρωτᾷ
1569 4009 1768 4081 τετριχωμένου.

610 4098 638 4148 ut
655 4110 722 4148 nunc
739 4098 826 4163 posset
842 4095 892 4149 ista
909 4095 1006 4148 ratione
1022 4095 1109 4149 iocari.
1127 4123 1160 4132 —
1262 4110 1287 4147 r.
1307 4091 1380 4147 1375.
1412 4093 1498 4147 nitra:
1517 4094 1596 4147 schol.
1615 4092 1666 4145 ἐπεὶ
1684 4094 1769 4147 καλαί

609 4187 662 4234 τοῖν
680 4178 748 4234 θεοῖν
766 4181 799 4233 ad
816 4182 938 4250 mysteria
955 4198 978 4234 v.
999 4179 1064 4234 1363
1082 4175 1161 4249 respi·
1212 4178 1285 4250 δᾷδες
1302 4179 1426 4248 καιόμεναι
1442 4178 1531 4234 πίτταν
1550 4178 1725 4232 ἀποτελοῦσιν.

610 4283 666 4322 cere
683 4267 791 4321 videtur.
1262 4280 1286 4319 v.
1300 4253 1375 4319 1377.
1407 4264 1475 4329 ὄζοςι
1491 4265 1571 4318 schol.
1586 4264 1699 4330 (κλάδος,
1713 4265 1769 4336 ἅμα

661 4370 685 4407 ν.
711 4352 785 4408 1373.
819 4352 977 4426 ἑστιγμένηντ
1004 4352 1082 4406 schol.
1100 4350 1161 4414 ἐξω·
1211 4348 1265 4420 καί)
1282 4352 1350 4423 παρὰ
1367 4350 1396 4404 τὸ
1422 4348 1549 4403 ὀδωδέναι.
1587 4350 1646 4404 Vox
1663 4351 1770 4405 Homeri

610 4441 783 4514 γραφημίνην.
802 4440 909 4514 ἔγραφον
922 4439 968 4512 γὰρ
981 4440 1024 4493 καὶ
1036 4436 1161 4507 ἐκόσμουν
1212 4437 1321 4491 maxime
1339 4440 1378 4491 osi
1395 4441 1421 4490 et
1437 4438 1600 4507 tragicorum.

609 4525 655 4584 τὰς
672 4526 821 4596 λαμπάδαςι
839 4556 872 4565 -
891 4527 966 4580 simul
983 4524 1161 4599 διερρηγμέντμ
1263 4541 1287 4576 r.
1302 4522 1375 4577 1378.
1405 4522 1452 4576 οὐκ
1461 4522 1494 4576 είς
1507 4524 1570 4575 haec
1582 4521 1614 4574 ad
1627 4521 1771 4578 tibicinam.

611 4612 665 4684 περὶ
673 4616 718 4665 τοῦ
728 4614 868 4683 γυναικείου
879 4612 972 4667 αίδοίυυ
982 4612 1046 4686 (περί
1054 4610 1162 4682 τίμα).
1264 4625 1288 4663 ν.
1307 4609 1381 4664 1382.
1417 4609 1551 4664 8011017.
1575 4609 1679 4683 ἄρχεται
1702 4612 1772 4665 κατὰ
