4484 5467
1096 600 1292 662 ΣΦΗΚΕΣ

771 776 823 843 εἴτ’
848 778 938 845 αὐτὸν
962 782 1004 850 ὥς
1025 778 1096 856 εἶδ’,
1118 777 1234 863 ηἷκασσν
1259 780 1477 867 Λυσίστρατος·
1583 775 1586 779 “

771 889 873 963 ἔοικας
896 891 921 954 ὦ
944 895 1096 980 πρεσβῦτα
1119 891 1293 979 νεοπλούτῳ
1314 892 1410 979 τρυχί,

770 1004 898 1090 κλητῆρί
919 1002 946 1068 τ’
972 1004 1013 1074 εἰς
1036 1004 1424 1091 ἀχυρμδνλάποδεδρακότι.

770 1116 786 1178 ό
810 1115 839 1179 δ’
864 1119 1041 1203 ἀνακραγὼν
1065 1115 1215 1200 ἀντβκασ’
1241 1116 1330 1182 αὐτδν
1353 1119 1484 1204 πάρνοπι

769 1227 806 1291 τό
827 1228 900 1314 δρία
921 1232 976 1292 τοῦ
999 1228 1145 1317 τρίβωνος
1168 1226 1401 1316 ἀποβεβληκότι,

648 1519 672 1555 ν.
687 1500 760 1557 1310.
795 1502 828 1562 εἰς
845 1503 939 1577 ἄχυρον
957 1501 1029 1555 ἀποδ.
1045 1501 1074 1556 V.
1092 1517 1142 1556 sec.
1156 1500 1217 1556 eoo.
1235 1501 1269 1560 τίς
1288 1502 1424 1575 ἀχυρῶνας
1435 1502 1520 1571 vulgo.
1543 1500 1577 1561 είς
1593 1499 1689 1576 ἀχυρδν
1702 1498 1782 1555 Dind.

682 1591 709 1643 in
728 1589 808 1644 Oron.
826 1590 941 1663 ἀχυρμὸν
959 1589 1034 1643 Dind.
1052 1590 1079 1642 in
1097 1592 1160 1642 nott.
1179 1593 1205 1641 et
1221 1590 1248 1641 in
1265 1589 1356 1654 Paris,
1374 1590 1443 1658 quod
1460 1590 1533 1659 prob.
1546 1589 1641 1659 Bergk.
1660 1589 1687 1642 in
1698 1591 1780 1654 nott.;

683 1673 792 1747 κλητῆρί
802 1674 824 1726 τ’
841 1674 874 1733 εἰς
886 1677 963 1746 χνοῦν
981 1673 1075 1747 κόχυρ’
1094 1671 1284 1745 ἀποδεδρακότι,
1303 1672 1371 1741 quod
1388 1671 1491 1745 ἀχυρών
1511 1673 1543 1725 ab
1563 1672 1710 1725 Atticorum
1731 1687 1780 1724 usu

683 1776 787 1829 prorsus
811 1761 958 1824 abhorreat,
985 1763 1131 1829 comparato
1150 1754 1253 1813 (lomico
1280 1776 1322 1829 ap.
1340 1760 1437 1815 Polluc.
1456 1760 1497 1825 X,
1512 1758 1555 1820 ,38
1578 1760 1609 1825 (1.
1632 1760 1650 1813 1.
1668 1776 1694 1828 p.
1715 1758 1779 1823 981)

683 1846 807 1915 Bergkius
824 1848 945 1916 proponit
963 1864 1004 1916 ap.
1023 1847 1097 1901 Mein.
1117 1846 1145 1899 0.
1164 1846 1188 1899 ll
1204 1862 1230 1915 p.
1248 1846 1307 1902 545.

648 1968 672 2003 ν.
688 1949 761 2002 1319.
796 1945 855 2021 δρῖα
873 1950 903 2001 R.
922 1949 953 2002 V.
973 1948 1043 2002 Suid.
1062 1964 1083 2002 s.
1102 1965 1126 2002 ν.
1152 1949 1261 2021 πόρνοψ.
1284 1945 1343 2022 δρία
1364 1947 1392 2002 0.
1413 1945 1472 2023 δρία
1489 1966 1517 2018 χι
1534 1944 1567 2002 Β.
1584 1943 1612 2001 Γ.
1630 1947 1688 2001 Δ1ι1.
1707 1946 1776 2003 lunt.

682 2033 742 2109 δρῖαί
760 2054 787 2105 γε
804 2036 879 2089 Kust.
897 2036 1007 2090 correxit
1024 2034 1175 2088 Brunclrius.
1195 2036 1228 2089 ct.
1246 2035 1333 2090 Elmsl.
1351 2036 1415 2091 rich.
1435 2035 1492 2090 158.

665 2294 689 2332 ν.
709 2274 782 2330 1308.
822 2273 931 2351 ᾔκασενι
958 2273 990 2329 cf.
1017 2274 1063 2345 Eq.
1091 2276 1165 2330 1076.
1215 2277 1323 2330 formam
1344 2277 1422 2330 etiam
1443 2291 1569 2345 anonymo
1594 2292 1636 2345 ap.
1654 2276 1775 2329 Eustath.

614 2366 668 2419 lnd.
687 2364 715 2419 0.
733 2364 757 2417 V
779 2379 799 2417 s.
820 2381 844 2417 r.
863 2363 962 2426 εἰκάζω.
980 2380 1017 2404 =
1036 2362 1164 2435 ἔσκωψενι
1217 2362 1292 2428 1698,
1305 2361 1338 2415 39
1355 2364 1489 2418 restituere
1507 2378 1558 2417 non
1570 2363 1706 2417 dubitavit.
1737 2363 1775 2415 De

615 2452 646 2505 cf.
664 2452 739 2504 llein.
759 2449 786 2504 G.
804 2450 828 2503 11
845 2467 871 2519 p.
890 2450 931 2505 59.
1215 2452 1322 2503 accentu
1357 2450 1472 2523 ἄχυρμος
1506 2452 1611 2519 propter
1647 2448 1774 2521 ἀχόρμιος

664 2554 688 2591 ν.
708 2536 781 2590 1309.
817 2535 973 2607 νεοπλοότῳι
996 2537 1074 2591 schol.
1092 2530 1165 2588 Δίδυ-
1214 2537 1320 2601 (Aratus
1349 2551 1374 2588 ν.
1402 2536 1476 2589 1097.
1511 2536 1625 2604 Hegemo
1661 2535 1774 2589 Thasius

614 2623 662 2693 μός
681 2641 754 2696 φησιν
773 2620 811 2675 ότι
828 2621 966 2695 ἀδιανόητα
993 2622 1102 2676 σκώπτει
1126 2621 1164 2673 ἐν·
1214 2639 1255 2692 ap.
1283 2621 1375 2676 Athen.
1402 2621 1463 2687 XV,
1490 2621 1540 2676 098
1567 2636 1600 2673 ex
1626 2617 1775 2673 coniectura

613 2706 709 2772 ταῦδα,
733 2707 762 2760 τὸ
787 2707 813 2760 δὲ
835 2708 905 2781 τρυγὶ
923 2707 959 2767 ὡς
976 2707 1038 2781 πρὸς
1061 2726 1167 2781 χεχηρα-
1216 2708 1322 2763 Prelleri
1339 2708 1370 2762 de
1387 2708 1524 2761 Polemone
1545 2724 1572 2776 p.
1591 2708 1635 2771 77)
1653 2708 1776 2776 exposuit

613 2795 678 2847 κότα
707 2793 780 2864 λέχει.
806 2822 839 2831 -
865 2795 984 2847 Hotibius
1013 2793 1165 2847 νεόπλουτον
1216 2795 1284 2847 idem
1295 2794 1312 2848 l.
1325 2795 1342 2848 l.
1359 2823 1393 2832 -
1413 2792 1451 2847 01.
1464 2794 1540 2846 etiam
1553 2793 1664 2846 Lobeclr.
1676 2793 1775 2861 Phryn.

614 2881 676 2933 nihil
702 2880 771 2933 aliud
792 2896 867 2949 quam
890 2881 945 2933 νέον
970 2896 1026 2933 esse
1043 2881 1167 2946 interpre-
1216 2897 1242 2950 p.
1263 2880 1319 2934 166.
1342 2906 1376 2918 —-
1399 2880 1508 2952 κλητῆρι
1531 2894 1592 2933 vero
1610 2878 1709 2931 dictum
1727 2893 1775 2948 pro

613 2970 689 3021 tatur.
707 2967 857 3035 Berglerus:
875 2967 982 3034 „Solent
999 2966 1065 3018 enim
1078 2979 1166 3017 recens
1216 2966 1277 3036 ὄνῳ.
1311 2967 1398 3021 lrrisio
1416 2966 1468 3019 fere
1486 2965 1575 3018 eadem
1597 2968 1638 3019 est
1660 2981 1729 3034 quae
1750 2982 1774 3018 v.

616 3053 689 3105 ditati
715 3068 771 3105 esse
798 3052 960 3107 insolentes.“
993 3068 1076 3120 comp.
1106 3050 1166 3103 Eur.
1218 3052 1296 3118 1806;
1314 3053 1482 3122 petulantiam
1499 3053 1581 3120 carpit
1598 3054 1675 3107 senis.
1688 3053 1775 3105 -De

615 3139 706 3207 Suppl.
724 3138 782 3194 749.
810 3138 934 3207 Equidem
952 3137 1066 3202 dixerim,
1085 3136 1168 3190 Comi·
1217 3138 1341 3208 Eupolide
1368 3138 1485 3192 eschol.
1510 3137 1614 3191 laudato
1641 3138 1673 3191 cf.
1697 3139 1775 3191 llein.

617 3241 675 3278 cum
699 3225 825 3292 cogitasse
847 3224 900 3276 iere
922 3221 1046 3296 νεοτρόχιρ
1065 3220 1167 3290 πλοότῳ
1218 3224 1331 3294 0,11ρ.
1350 3224 1412 3290 545,
1434 3225 1497 3277 item
1518 3223 1550 3276 de
1567 3220 1673 3284 Platone
1697 3225 1775 3278 eund.

614 3312 632 3365 i.
651 3328 673 3365 e.
703 3309 827 3379 πλουσίῳ,
854 3309 927 3362 diviti
952 3308 1052 3363 cuidam
1079 3322 1167 3360 recens
1218 3310 1246 3365 0.
1263 3311 1286 3363 ll
1305 3328 1330 3380 p.
1349 3311 1407 3365 016.
1426 3339 1459 3348 -
1477 3310 1570 3379 Bergk.
1588 3326 1629 3379 ap.
1647 3311 1727 3366 Mein.
1747 3310 1775 3365 0.

615 3397 683 3449 tacto
701 3396 743 3449 rel
761 3400 847 3460 cocto,
874 3398 949 3463 atque
972 3395 1081 3458 dixisse,
1099 3392 1168 3462 quod
1216 3396 1240 3449 ll
1257 3413 1283 3465 p.
1301 3396 1360 3451 981.

616 3482 732 3550 legimus,
750 3496 796 3549 per
813 3482 926 3534 iocosam
943 3481 1083 3549 enallagen.
1119 3479 1168 3532 Lo·
1267 3499 1386 3553 v'1311‘
1421 3498 1547 3574 ἀντῄκασν
1566 3499 1583 3554 χ
1602 3514 1625 3553 0,
1643 3498 1776 3553 ἀπέπω.

615 3570 726 3635 (10011197
744 3568 811 3620 essim
829 3567 893 3619 bene
910 3567 972 3636 9011·
1217 3585 1262 3658 ψεν
1281 3585 1396 3648 εἰκάζων.
1422 3586 1536 3638 Verbum
1547 3585 1636 3639 laudat
1647 3586 1775 3640 Valclren

665 3669 782 3725 v.1310.
822 3668 938 3743 κλητῆρι.
979 3670 1017 3724 Of.
1041 3685 1119 3739 supra
1142 3685 1166 3724 ν.
1215 3672 1311 3727 Phocn.
1362 3670 1419 3725 165.
1457 3699 1492 3709 -
1528 3672 1652 3745 πόρνοπιι
1693 3669 1776 3725 schol.

617 3756 674 3811 189.
711 3756 795 3809 Schol.
840 3754 880 3808 ut
917 3754 946 3808 τὸ
987 3755 1166 3829 φιλοδικαστὴν
1216 3758 1358 3811 καὶταῦτα
1376 3756 1528 3830 ἀπρόσλοχα.
1566 3758 1615 3822 Qui
1636 3759 1691 3811 sic?
1728 3759 1776 3812 Pe·

615 3842 683 3906 ιίναι,
701 3842 744 3893 καὶ
762 3839 799 3893 ότι
812 3839 848 3900 ὡς
861 3840 948 3894 ἐπίπαν
962 3843 1079 3914 γέροντας
1091 3860 1166 3914 παρε-
1215 3844 1315 3897 noriam
1345 3845 1427 3912 carpit
1455 3844 1593 3911 sordesque
1622 3844 1775 3912 Lysistrati,

613 3927 742 3998 λάμβανεν
754 3926 899 4000 κλητῆρας.
924 3927 954 3981 τὸ
973 3928 999 3981 δὲ
1011 3928 1097 3982 λοιπὸν
1110 3947 1166 3982 παι·
1216 3930 1276 3982 dum
1305 3929 1418 3983 locustae
1447 3929 1538 3998 (snio.
1569 3946 1590 3983 s.
1620 3946 1645 3983 r.
1676 3932 1774 4000 explic.

614 4014 667 4074 διας
685 4014 782 4078 ἕνεκεν,
804 4012 820 4085 ἢ
840 4012 911 4066 οδδὲν
930 4012 992 4087 πρὸς
1010 4014 1081 4078 ἔπος,
1098 4014 1167 4088 παρὰ
1192 4042 1194 4044 ·
1216 4014 1310 4089 ἀγρίαις
1339 4016 1488 4084 μελίσσαις),
1516 4031 1582 4085 quae
1608 4015 1683 4084 pallii
1713 4016 1776 4069 folia

613 4101 659 4173 τὴν
678 4100 813 4173 παροιμίαν
832 4098 889 4158 όνος
911 4099 944 4159 είς
968 4101 1089 4174 ἀχυρῶνα
1107 4101 1166 4154 oct·
1215 4103 1278 4166 (sive
1295 4102 1399 4168 floccos)
1417 4103 1537 4167 amiserit,
1554 4104 1572 4155 i.
1590 4118 1612 4155 e.
1629 4102 1694 4168 aluS,
1713 4119 1774 4156 eum

613 4186 667 4261 δρα.
694 4216 728 4224 -
754 4185 913 4255 Phrynichus
939 4186 1018 4241 Beki.
1045 4204 1071 4255 p.
1090 4188 1114 4251 7,
1132 4186 1164 4240 91
1215 4188 1469 4243 similemessedicit.
1498 4188 1572 4252 Quod
1590 4203 1651 4241 vero
1664 4190 1777 4243 cumto-

612 4274 718 4343 praebet
741 4270 798 4331 ὄνος
820 4272 853 4332 εἰς
876 4272 971 4346 ἀχυρόν
994 4272 1035 4337 (de
1060 4276 1167 4326 accentu
1216 4277 1288 4326 custa
1305 4278 1474 4344 comparatur,
1491 4274 1519 4327 id
1536 4276 1706 4329 voracitatem
1718 4278 1775 4330 eius

615 4358 708 4412 Arcad.
734 4376 759 4427 p.
787 4359 828 4423 79,
855 4359 889 4423 5),
918 4358 985 4410 unde
1011 4358 1166 4423 Dindorfius‚
1215 4363 1241 4411 et
1258 4361 1419 4429 gulositatem
1436 4358 1561 4430 designat.
1594 4361 1715 4416 Eundem
1726 4364 1775 4431 igi-

612 4460 690 4513 quum
703 4444 797 4517 ἀχυρὸν
811 4445 921 4498 mediam
939 4460 990 4497 non
1007 4444 1165 4513 produxerit,
1215 4449 1268 4511 tur,
1291 4463 1365 4515 quem
1383 4463 1442 4500 nost
1464 4447 1537 4501 einen
1554 4449 1683 4518 ruppigen
1701 4450 1774 4515 Kerl‚

612 4531 717 4584 formam
736 4533 801 4584 eruit
819 4530 948 4604 ἀχυρμὸν,
966 4531 1089 4600 probatus
1106 4532 1167 4583 llei-
1214 4531 1383 4599 Lysistratum
1411 4537 1493 4589 vocat.
1538 4534 1612 4599 Quod
1640 4536 1677 4588 ita
1708 4553 1775 4602 esse,

612 4618 685 4669 nelio
709 4617 778 4672 Gom.
802 4617 839 4672 IV
861 4634 885 4686 p.
905 4616 962 4683 099,
990 4617 1033 4686 qui
1059 4616 1165 4670 eandem
1214 4620 1348 4688 perspicue
1383 4621 1495 4674 ostendit
1522 4621 1680 4692 comparatio
1712 4640 1771 4677 cum
