4484 5467
540 635 580 701 36
931 638 1121 695 pneumon.
1156 634 1310 692 cervuli

537 808 654 892 tragica
668 827 775 873 scenae
789 811 1045 875 constructionem
1065 808 1328 898 (σκηνογραφίαν).
1365 810 1514 875 Attamen
1530 809 1609 886 lieet¹
1619 809 1692 875 iden

539 921 709 986 comoediae
739 927 770 987 ct
795 923 967 1006 tragoediae
995 922 1172 1005 contigisse,
1200 927 1339 987 auctores
1366 927 1499 1001 veteres,
1534 921 1692 987 Aristotele

537 1040 716 1118 praeeunte,
740 1034 883 1112 doceant,
913 1054 1041 1099 numero
1068 1035 1125 1100 hoc
1145 1035 1280 1100 ternans
1301 1054 1363 1100 nen
1384 1034 1556 1099 docuerunt
1577 1035 1626 1099 itu
1646 1054 1693 1100 nos

538 1147 634 1229 abuti,
662 1153 698 1210 ut
725 1147 789 1211 dm
816 1147 984 1211 faceremus
1011 1146 1124 1211 fabulis
1146 1167 1405 1233 personarumque
1426 1146 1610 1213 nominibus
1631 1167 1693 1211 mu-

538 1258 640 1323 tandis
662 1258 722 1342 legi
744 1259 866 1323 cuidam
888 1279 1020 1337 severae,
1043 1258 1211 1324 alibrariis
1226 1259 1442 1345 Grmcnlisque
1461 1259 1496 1324 id
1511 1279 1612 1343 genus
1626 1271 1694 1342 neg·

538 1370 634 1435 lectae
655 1371 730 1435 satis
751 1372 927 1435 laceremus.
971 1371 1032 1435 Vbi
1053 1371 1149 1455 igitur
1170 1393 1225 1459 per
1245 1391 1407 1437 scenarum
1427 1370 1569 1437 ordinem
1586 1371 1693 1449 licebit,
1738 1397 1739 1458 p

536 1482 621 1547 idem
642 1488 725 1548 actor
746 1483 841 1547 etiam
861 1483 964 1568 plures
986 1490 1055 1566 aget
1077 1504 1235 1570 personas3
1258 1485 1416 1551 sedidem
1437 1484 1578 1563 eandem,
1602 1503 1693 1568 quum

539 1594 689 1675 obtinuit,
722 1615 777 1681 per
806 1615 911 1660 omnes
938 1594 1059 1661 fabulae
1087 1616 1194 1662 scenas
1221 1598 1298 1681 egit,
1331 1617 1430 1683 neque
1462 1615 1606 1681 unquam
1621 1613 1694 1660 uua

538 1728 667 1793 persona
696 1707 814 1773 duobus
840 1708 1005 1772 commissa
1032 1708 1185 1774 actoribus
1206 1711 1307 1795 potuit
1327 1705 1401 1775 esse.
1444 1708 1533 1787 Quod
1554 1707 1613 1793 qni
1633 1706 1694 1771 fleri

538 1819 673 1905 potuisse
694 1826 835 1901 censent,
858 1826 955 1885 artem
976 1811 1127 1903 aeterum,
1154 1821 1392 1887 Atheniensium
1420 1819 1620 1886 histrioniam
1645 1823 1693 1883 aut

410 1925 412 1929 ’
538 1931 659 2018 pulchri
681 1931 841 2017 deceiique
863 1954 988 1999 sensum
1009 1934 1085 1999 risui
1101 1936 1177 2000 dant
1198 1941 1229 2001 et
1242 1934 1419 2001 contemtui.
1462 1933 1542 1999 Item
1563 1932 1623 2012 illi,
1644 1930 1693 2017 qui

518 2044 588 2136 vvel
609 2044 776 2109 minimum
797 2045 942 2131 temporis
969 2046 1105 2132 spatium
1128 2046 1223 2113 actori
1252 2046 1423 2113 concedunt
1443 2046 1483 2111 ad
1504 2051 1609 2113 vestes
1629 2063 1693 2109 mu·

538 2155 663 2240 tendas,
692 2156 783 2221 illum
810 2158 907 2222 secuti
929 2159 1129 2242 Graeculum,
1163 2160 1218 2245 qui
1245 2159 1285 2224 ad
1313 2159 1424 2225 Aeseh.
1452 2157 1591 2245 Choeph.
1620 2158 1692 2223 899:

541 2270 769 2355 persuasionum
794 2271 811 2333 ὁ
833 2271 994 2356 thessalos
1016 2273 1057 2343 εἰς
1078 2272 1237 2359 Πυλάδην,
1267 2272 1315 2338 ἵνα
1339 2274 1381 2359 μὴ
1412 2269 1438 2336 δ’
1464 2271 1614 2357 λέγωσανε
1636 2289 1693 2335 ser·

540 2403 614 2446 vum
635 2382 721 2446 iubet
742 2403 796 2467 per
817 2382 960 2448 undecim
983 2405 1089 2449 versus
1110 2384 1177 2449 fieri
1195 2383 1365 2467 dominum,
1387 2403 1495 2467 quum,
1516 2383 1603 2467 qnod
1625 2382 1692 2448 alibi

540 2493 747 2557 demonstrare
775 2500 902 2559 cenatus
929 2518 1013 2580 sum,
1042 2496 1189 2580 Pyladem
1217 2516 1337 2582 semper
1362 2495 1398 2560 iu
1426 2515 1518 2560 scena
1539 2500 1693 2561 versatum

542 2627 608 2671 esse
629 2606 835 2671 certissimum
857 2608 907 2671 sit.
951 2609 1112 2674 Praeterea
1129 2605 1309 2695 opinionum
1321 2607 1542 2673 diversitatem
1556 2605 1693 2672 animad-

541 2726 659 2783 uertere
680 2718 753 2783 licet
772 2719 806 2783 in
821 2719 1040 2786 distribuendis
1062 2719 1288 2804 tragoediarum
1310 2720 1457 2806 personia
1479 2739 1559 2804 quae
1574 2739 1692 2784 summa

541 2838 596 2913 est,
619 2838 650 2895 et
671 2832 829 2916 perspicue
852 2852 951 2916 neque
972 2833 1221 2916 Lachmannum‚
1244 2833 1475 2914 Hermannum,
1498 2829 1692 2912 Muellerum,

541 2964 591 3007 me
613 2945 725 3029 ipsum,
748 2965 847 3028 neque
869 2943 964 3009 alium
988 2966 1174 3030 quemqnam
1192 2945 1439 3011 distributionem
1460 2943 1625 3029 perfecisse
1646 2950 1695 3009 aut

541 3056 712 3120 restituisse
742 3056 836 3121 docet.
881 3058 1024 3141 Plerique
1052 3064 1157 3124 autem
1178 3058 1212 3123 in
1233 3079 1307 3124 voce
1333 3058 1583 3145 παραχορήγημα
1605 3057 1695 3121 olien-

541 3168 633 3251 dunt,
662 3189 723 3253 qua
744 3190 815 3233 cum
837 3191 938 3235 carere
961 3191 1023 3235 uon
1044 3171 1178 3256 amplius
1199 3169 1332 3257 possint,
1355 3190 1423 3234 eam
1446 3189 1541 3252 quam
1562 3168 1695 3234 arctissi-

539 3282 599 3345 mis
620 3281 875 3346 cireumsorihunt
895 3282 1063 3365 limitibus3
1086 3304 1180 3367 qnam
1201 3304 1290 3369 porro
1311 3289 1348 3349 ut
1364 3276 1490 3364 evitent,
1512 3300 1609 3365 quam
1631 3280 1697 3367 plu·

541 3395 635 3457 umas
657 3414 802 3479 personas
830 3395 884 3458 uni
909 3396 1003 3460 actori
1024 3396 1199 3481 imponunt.
1242 3395 1332 3460 Vnde
1353 3415 1425 3460 vero
1447 3413 1560 3458 nomeu
1581 3415 1697 3481 utputa·

541 3509 698 3592 γωνιστής,
722 3510 1004 3594 δευτεραγωνιστής,
1019 3511 1252 3597 τριταγωνιστής
1267 3508 1417 3591 originem
1428 3502 1575 3570 duxerit?
1598 3504 1697 3569 Omis-

493 3663 503 3682 ν
541 3619 582 3682 sis
605 3617 779 3682 Aristotelis
800 3619 853 3700 IV,
874 3620 912 3682 16
930 3620 1047 3685 inertis:
1068 3623 1118 3687 τὸν
1143 3623 1243 3707 λόγων
1266 3619 1520 3708 πρωταγωνιστὴν
1544 3618 1698 3692 ἐσκεύασε,

541 3736 646 3815 utpote
675 3750 737 3794 non
765 3731 886 3816 proprie
915 3731 1014 3815 dictis,
1042 3734 1211 3799 tenendum
1234 3739 1289 3814 est,
1312 3732 1488 3796 archontem
1510 3728 1699 3813 temporibus

540 3843 689 3926 perlectae
717 3848 748 3906 et
773 3843 947 3926 tragoediae
974 3850 1006 3909 et
1033 3844 1205 3911 comoediae
1238 3845 1366 3909 chorum
1393 3844 1560 3928 imperasse
1589 3840 1700 3926 phylae

541 3953 679 4033 cuidam,
702 3955 868 4041 imperasse
890 3957 984 4020 etiam
1006 3956 1171 4022 histriones
1193 3976 1256 4021 non
1276 3956 1447 4043 eligendos,
1470 3952 1553 4038 quod
1574 3954 1700 4039 abipso

541 4068 655 4130 factum
678 4075 753 4150 erat,
782 4068 834 4133 sed
857 4068 1050 4151 erudiendos,
1080 4068 1214 4151 alendos,
1242 4067 1426 4133 vestiendos.
1469 4067 1535 4131 Iam
1558 4073 1701 4152 supputa,

542 4200 669 4263 quaeso,
698 4180 732 4243 in
760 4180 887 4263 digitos:
915 4180 1015 4246 tribus
1042 4181 1211 4265 tetralogiis
1238 4180 1363 4264 tragicis
1395 4179 1556 4263 tribusque
1584 4199 1702 4244 comoe-

543 4292 615 4374 diis,
638 4299 762 4357 tantum
784 4293 868 4356 enim
889 4313 972 4357 nuno
995 4294 1130 4379 accipere
1151 4294 1238 4359 lubet
1258 4313 1440 4374 numerum,
1469 4290 1633 4356 duodecim
1655 4313 1702 4356 ac·

541 4405 659 4469 toribus
686 4425 762 4490 opus
790 4410 865 4469 erat.
910 4406 990 4482 Quos
1019 4426 1116 4490 quum
1139 4406 1252 4471 archon
1274 4406 1371 4493 poetis
1399 4424 1436 4468 ex
1465 4403 1627 4469 sortitione
1642 4387 1703 4468 tri-

540 4515 671 4599 buisset,
705 4519 823 4583 victum
851 4518 998 4602 choragns
1026 4518 1206 4604 praebebat,
1239 4517 1421 4583 erudiendos
1450 4516 1577 4581 curabat
1604 4522 1703 4603 poeta,

540 4636 685 4711 assumto,
708 4631 762 4695 ubi
785 4631 851 4695 eius
873 4632 1046 4715 pericnlum
1067 4632 1148 4713 feeit,
1175 4631 1393 4717 protogenista.
1421 4631 1482 4695 ussi
1501 4618 1600 4714 igitur
1622 4636 1704 4696 acto·
