4484 5467
549 624 594 679 DE
612 623 784 680 IVDIOIBVS
802 607 1060 679 ursusrlusrvu
1077 622 1259 691 usavsovu
1275 624 1503 684 Ivnlollmuvs
1567 632 1628 698 143

459 801 548 879 δεῖν,
577 796 659 882 quod
680 795 792 861 mehus
814 816 907 881 quam
929 795 967 882 ἦν
993 797 1082 875 ἰδεῖν,
1112 803 1149 861 ut
1169 797 1269 883 primo
1290 799 1478 865 conieceram
1499 822 1535 868 eo
1555 824 1627 869 con-

460 909 553 993 silio,
575 914 611 974 ut
632 929 739 975 senem
760 908 892 973 clamare
913 907 1052 973 iuberem
1075 909 1100 971 ὦ
1125 909 1254 975 δέσποθ’
1278 913 1364 998 ἥρως
1385 950 1427 962 -—
1448 918 1517 979 tum
1538 936 1627 1000 spur.

461 1022 593 1096 cissima
614 1022 716 1106 figura
736 1020 935 1106 perterritum
957 1026 1050 1105 atque
1071 1020 1111 1084 ad
1133 1020 1235 1085 filium
1256 1043 1437 1089 conversum
1455 1061 1493 1071 -
1517 1030 1559 1099 ὡς
1573 1052 1627 1115 χοι·

462 1136 561 1207 λιπδς
582 1134 633 1223 ἄρ’
657 1134 697 1221 ἧν
715 1136 796 1212 ἰδεῖν,
819 1154 914 1218 quam
927 1131 1074 1197 terribilis
1096 1138 1162 1197 erat
1182 1133 1343 1219 adspectu!
1365 1136 1519 1203 Potuisset
1532 1160 1628 1224 aeque

461 1247 547 1315 bene
568 1246 662 1312 scribi
685 1244 750 1311 ἔστ’
777 1247 864 1311 ἰδιῖντ
886 1265 981 1329 quam
1003 1251 1050 1310 est
1070 1244 1217 1330 adspectu
1238 1246 1457 1313 formidabilis!

554 1358 666 1423 XVIII.
703 1358 861 1422 Hactenus
883 1357 921 1421 de
935 1356 1077 1443 partibus
1094 1356 1335 1422 dicasteriorum.
1371 1358 1433 1424 Sed
1445 1360 1626 1447 priusquam

462 1493 531 1551 res,
554 1471 667 1556 quibus
688 1468 805 1535 iudices
826 1469 877 1534 usi
898 1469 976 1548 sint,
1007 1489 1184 1554 percenseo,
1206 1468 1243 1533 de
1265 1489 1356 1534 versu
1378 1470 1495 1537 Comici
1515 1473 1625 1555 dicam,

463 1606 505 1649 ex
528 1604 590 1670 quo
611 1580 730 1668 aliquid
751 1582 789 1646 de
801 1582 915 1667 soma
936 1583 1171 1647 dumetorum
1192 1580 1259 1645 erui
1279 1602 1368 1666 posse
1389 1583 1539 1651 videatur.

554 1694 724 1777 Philocles,
757 1693 810 1759 cui
835 1692 920 1760 filius
946 1699 1154 1778 persuaserat,
1186 1699 1223 1758 ut
1249 1701 1388 1760 maneret
1415 1695 1632 1783 iudiciumque

462 1829 562 1876 suam
591 1812 665 1873 ante
689 1806 816 1871 domum
837 1804 978 1884 haberet,
1006 1811 1169 1891 postquam
1196 1805 1246 1869 hic
1274 1806 1415 1873 introiit
1437 1811 1627 1894 arcessitum,

463 1940 549 2007 quae
570 1919 610 1985 ad
631 1940 698 1985 rem
718 1918 890 1985 necessaria
909 1924 992 1997 sunt,
1015 1917 1092 1983 talia
1112 1917 1263 2002 loquitum
1285 1940 1315 1982 v.
1339 1919 1417 1983 799:

675 2032 732 2120 ὅρα
752 2032 786 2097 rb
808 2035 927 2119 χρῆμα,
949 2032 986 2096 τὰ
1008 2028 1086 2116 λόγι’
1111 2033 1153 2101 ὡς
1174 2032 1351 2118 περαίνεται.

675 2142 795 2231 ἠκηκόη
817 2143 875 2229 γὰρ
897 2145 940 2213 ὡς
960 2140 1123 2229 Ἀθηναῖοί
1144 2168 1217 2209 ποτε

616 2311 618 2316 .
677 2256 825 2321 δικάσοιεν
849 2255 899 2318 ἐπὶ
917 2258 983 2325 ταῖς
1006 2254 1127 2319 οἰκίαισι
1147 2255 1200 2326 τὰς
1222 2255 1315 2333 δίκας,

675 2366 731 2432 κᾶν
752 2370 817 2437 τοῖς
838 2365 1004 2453 προθύροις
1024 2366 1260 2453 ἐνοικοδομήσοι
1281 2371 1339 2438 πᾶς
1360 2368 1437 2454 ἀνὴρ

549 2524 557 2553 ,
675 2479 760 2565 αὑτῷ
782 2480 1001 2565 δικαστηρίδιον
1027 2479 1130 2566 μικρὸν
1154 2481 1243 2557 πάνυ,

677 2593 779 2678 ὥσπερ
799 2588 960 2656 Ἑκάταιον
983 2595 1140 2677 πανταχοῦ
1162 2592 1220 2678 πρὸ
1242 2594 1303 2656 τῶν
1326 2591 1440 2679 θυρῶν.

466 2704 570 2771 Schol.
593 2702 684 2770 adv.
707 2704 785 2769 804:
824 2702 1002 2770 Ἑκάταιοντ
1030 2702 1109 2788 ἱερὸν
1133 2700 1274 2789 Ἑκάτης,
1303 2707 1344 2776 ὡς
1370 2707 1430 2771 τῶν
1451 2704 1625 2793 Ἀθηναίων

465 2821 626 2905 πανταχοῦ
656 2814 844 2903 ἱδροομίνοιν
873 2815 968 2900 αὐτὴν
997 2817 1039 2885 ὡς
1069 2813 1183 2901 ἔφορον
1206 2818 1326 2880 πάντων
1348 2818 1398 2882 καὶ
1419 2818 1624 2906 κουροτρόφον

465 2929 548 3017 (vid.
569 2928 640 3014 Lys.
661 2949 692 2993 ν.
713 2927 791 3012 700)
819 2932 851 2991 et
873 2926 973 2992 Schol.
995 2925 1097 3012 Apoll.
1117 2923 1232 3000 Rhodii
1250 2926 1303 3005 Ill,
1330 2928 1391 2992 861
1421 2950 1451 3014 ρ.
1471 2932 1546 3012 470,
1569 2932 1626 2996 23:

466 3045 521 3109 καὶ
547 3043 692 3128 φάσματα
719 3040 879 3126 ἐπιπέμπει
905 3041 941 3105 τὰ
968 3039 1143 3125 καλούμενα
1162 3036 1311 3104 Ἑκαταῖα
1338 3044 1400 3104 κτλ.
1445 3038 1567 3105 Scholia
1587 3042 1627 3106 ad

467 3155 549 3218 Ran.
572 3155 635 3220 366
656 3174 677 3218 a
697 3157 801 3218 nostro
822 3151 888 3218 loco
908 3150 1011 3216 aliena
1032 3155 1107 3217 sunt
1127 3155 1248 3236 praeter
1269 3149 1407 3215 Victorii.

555 3265 602 3330 De
623 3265 739 3331 Hecate
760 3265 818 3331 dea
837 3264 956 3331 multus
977 3269 1024 3329 est
1046 3263 1199 3344 Comicus,
1221 3267 1252 3327 et
1266 3261 1385 3328 cultum
1399 3262 1466 3329 eius
1480 3284 1627 3350 perquam

467 3378 629 3463 vulgarem
650 3378 745 3444 luisse
766 3377 944 3464 saepissime
965 3376 1091 3443 indicat
1127 3374 1313 3461 (Lysistrata
1333 3397 1362 3441 v.
1385 3377 1426 3441 63
1448 3377 1627 3445 betsuram

466 3518 493 3559 s.
517 3491 701 3558 θούκάταιον
723 3511 779 3576 pro
799 3492 938 3556 τάκάτιον
968 3494 1037 3576 post
1056 3488 1234 3553 Bentleium
1260 3486 1390 3555 editores
1415 3491 1628 3577 usurparunt.)

469 3605 596 3672 Sufficit
617 3603 805 3670 Lobeclium
826 3602 977 3688 Aglaoph.
998 3624 1029 3687 p.
1054 3602 1137 3666 1336
1159 3622 1225 3685 sqq.
1248 3600 1416 3685 nominare,
1439 3609 1471 3669 et
1491 3623 1570 3688 quae
1591 3594 1643 3669 de>

467 3716 590 3784 sacellis
611 3715 677 3796 his,
700 3716 952 3800 quorumlorma
972 3734 1035 3779 non
1057 3713 1132 3779 satis
1154 3719 1283 3797 constat,
1303 3714 1426 3781 attulit:
1454 3716 1507 3781 cfr.
1535 3714 1630 3781 etlam

466 3833 489 3896 Ι.
505 3830 527 3895 l.
547 3852 578 3917 p.
596 3829 677 3894 1006
700 3833 764 3894 not.
808 3827 877 3914 lpse
899 3827 947 3891 vir
968 3846 1108 3891 summus
1128 3824 1291 3894 Ἑκαταῖον
1314 3847 1370 3892 nos
1391 3827 1478 3893 iubet
1498 3828 1629 3894 scribere

466 3946 518 4030 (in
539 3941 649 4007 multis
670 3938 858 4005 editionibus
881 3937 1107 4017 οοιἙκάτειον,
1130 3937 1166 4002 in
1179 3938 1519 4020 ιιοιιιιιιΙΙίοἙκάταιον,
1541 3939 1628 4006 scho-

466 4057 562 4121 liasta
581 4054 690 4141 probat
707 4050 881 4136 Ἑκατεῖον)
903 4057 995 4136 atque
1016 4050 1051 4114 in
1073 4049 1165 4135 Vesp.
1188 4072 1217 4116 v.
1240 4050 1323 4116 laud.
1345 4052 1453 4118 scribit
1474 4055 1628 4121 ἀνοικοδο·

468 4171 562 4258 μήσιι
576 4187 632 4253 pro
646 4167 889 4252 ἐνοικοδομήσοι,
911 4163 1041 4229 addens:
1067 4169 1214 4249 „apparet
1234 4163 1345 4229 sacella
1359 4164 1491 4230 Hecatae
1512 4164 1628 4230 foribus

465 4278 610 4368 proxima
635 4283 667 4343 et
694 4276 943 4363 frequentissIma
969 4274 1064 4340 luisse
1090 4274 1125 4340 in
1152 4275 1258 4340 urbe.“
1302 4277 1369 4341 Iam
1389 4277 1464 4343 haec
1485 4277 1554 4363 ipsa
1574 4296 1628 4341 ex·

465 4391 609 4481 plicato,
631 4389 750 4455 collatis
771 4389 935 4455 scholiasta
956 4393 988 4453 et
1008 4386 1161 4473 Hesychia
1183 4409 1207 4453 s.
1231 4410 1260 4453 v.
1285 4387 1445 4468 Ἑκάτοιο,
1473 4387 1628 4475 postulare

466 4504 594 4572 videtur
614 4504 847 4590 ἐνοικοδομήσοι
876 4502 897 4565 i.
919 4521 946 4565 e.
969 4500 1008 4565 ad
1029 4500 1129 4587 ipsam
1152 4500 1278 4567 domum
1303 4500 1354 4566 vel
1375 4500 1409 4565 in
1431 4500 1497 4587 ipso
1519 4500 1627 4567 domus

465 4638 567 4701 muro,
590 4623 627 4681 ut
647 4614 722 4681 deae
742 4613 944 4679 simulacrum
959 4634 1030 4679 eum
1045 4614 1191 4698 attigerit.
1234 4617 1280 4680 Ae
1295 4612 1490 4679 simillimum
1504 4613 1627 4681 ridetur
