4484 5467
934 643 978 697 DE
998 644 1109 698 CHORO
1128 642 1313 700 VESPARVH
1653 649 1692 712 61

535 816 599 880 bus
621 822 652 880 ν’.
668 816 729 881 237
745 835 811 900 sqq.
833 815 1048 899 Dionysiorum
1070 816 1221 883 ruralium
1239 818 1393 903 specimen
1415 818 1562 885 exhiberi.
1598 819 1695 884 Cuius

529 934 646 1014 partes
667 927 743 993 duas
758 928 932 1014 conspicere
952 928 1033 1011 licet,
1054 950 1198 1015 pompam
1214 929 1396 994 sollemnem
1416 936 1448 993 et
1468 950 1592 995 carmen
1606 930 1695 1016 phal-

538 1040 655 1123 licum,
677 1051 815 1105 severam
837 1033 966 1104 alteram
986 1060 1021 1104 ac
1042 1061 1139 1125 paene
1153 1041 1308 1124 sobriam,
1331 1042 1459 1107 alteram
1479 1040 1627 1106 lascivam
1648 1048 1695 1107 et-

538 1158 608 1237 ‘que
628 1152 751 1238 plenam
772 1152 938 1218 ebrietatis.
981 1140 1130 1237 Pompam
1151 1154 1235 1219 enim
1256 1175 1369 1237 magns
1389 1176 1460 1219 cum
1479 1153 1627 1235 religione
1645 1154 1696 1217 in·

496 1307 498 1312 -
536 1264 649 1330 stituit
666 1264 871 1349 Dicaeopolis‚
900 1265 939 1329 ab
966 1266 1049 1329 omni
1076 1266 1239 1332 verbomm
1265 1266 1470 1342 obscoenitate
1497 1264 1586 1329 liber.
1627 1265 1695 1351 Ipse

538 1382 648 1441 autem
668 1376 815 1463 phallus,
834 1377 902 1462 ipsa
929 1376 1153 1463 phallophoria,
1181 1385 1333 1464 quatenus
1359 1377 1470 1442 iudei
1498 1378 1647 1463 genitoris,
1664 1385 1696 1443 ct

537 1488 671 1575 propitii
690 1489 836 1553 honorem
857 1490 959 1572 fiebat,
982 1490 1022 1554 ad
1043 1509 1144 1555 sacras
1165 1512 1214 1556 res
1235 1492 1370 1577 pertinet
1390 1490 1616 1574 nequehabuit
1636 1493 1695 1555 uu·

538 1620 636 1685 quam
656 1600 691 1665 in
713 1621 747 1665 ee
767 1601 941 1666 offensionis
962 1602 1163 1687 quidquam»
1184 1603 1290 1687 Itaque
1311 1602 1363 1687 pia
1384 1608 1459 1666 sunt
1489 1602 1572 1668 senis
1592 1603 1695 1685 verba

537 1712 656 1798 quibus
678 1711 977 1798 deumpracsentem
992 1715 1196 1802 prosequitur,
1217 1735 1275 1780 nec
1293 1716 1465 1801 quidquam
1476 1715 1579 1797 audet,
1601 1714 1696 1788 imruo

537 1845 580 1889 ne
606 1824 679 1905 scit
707 1825 832 1911 quidem
864 1823 899 1889 in
927 1827 1145 1892 contumeliam
1172 1828 1238 1893 eius
1259 1827 1473 1913 pronuntiare,
1510 1827 1623 1892 Bacchi
1649 1831 1696 1892 cst

536 1936 652 2019 socius,
674 1936 887 2020 Pheias-ficta
909 1959 925 2002 e
947 1938 1051 2025 phallo
1072 1960 1210 2025 persona,
1231 1940 1296 2005 siue
1318 1940 1383 2026 ipse
1396 1940 1528 2025 phallus,
1551 1940 1584 2003 in
1603 1942 1695 2025 quern

538 2049 635 2114 uerba
656 2048 876 2114 oecumenem
897 2055 929 2114 et
949 2049 1065 2115 lesciva
1078 2050 1224 2133 effundit,
1247 2073 1277 2117 v.
1291 2051 1355 2116 263
1374 2071 1441 2136 sqq.
1463 2052 1598 2134 Gaudet,-
1614 2051 1695 2135 quod

539 2160 576 2225 in
594 2177 713 2246 pagum
740 2180 833 2226 suum
859 2160 979 2247 lubenti
1007 2161 1110 2226 animo
1136 2182 1288 2255 reversus
1303 2164 1550 2249 phallumsexto
1570 2164 1696 2229 demum

543 2289 627 2337 enno
649 2272 763 2357 alloqui
777 2272 891 2357 possit,
904 2272 1013 2357 idque,
1035 2276 1197 2359 postquam
1217 2268 1347 2339 sibimet
1361 2275 1501 2340 inducias
1522 2283 1629 2363 pactus
1645 2277 1696 2359 sit,

539 2367 699 2449 aerumnis
721 2391 752 2448 et
766 2384 889 2470 proeliis
907 2391 937 2449 et
951 2385 1110 2450 Lamachis
1133 2388 1256 2475 (μαχῶν
1273 2390 1322 2452 καὶ
1337 2388 1509 2475 Λαμάχων)
1524 2388 1695 2453 damnatus

540 2490 612 2560 Viro
636 2503 757 2561 tantum
779 2500 872 2563 verbo
893 2499 1080 2576 Lamachum
1102 2500 1195 2585 petit,
1228 2500 1355 2584 reliquis
1380 2500 1511 2581 uirtutes
1531 2501 1697 2585 laudesque

499 2606 501 2610 ’
539 2604 627 2695 pacis
649 2610 741 2673 canit.
785 2609 867 2675 Hinc
888 2610 1022 2693 colligas,
1042 2612 1076 2675 in
1091 2611 1252 2695 Dionysiis.
1268 2612 1422 2677 mralibus
1443 2613 1524 2677 cives
1546 2614 1697 2679 acivibue

539 2721 716 2807 perstrictos
744 2742 823 2803 essc;
856 2722 1048 2809 phallicaque
1070 2724 1242 2789 constitisse
1263 2746 1360 2810 quum
1382 2746 1420 2789 ex
1441 2725 1697 2805 obscoenitatibus

540 2841 613 2898 tum
635 2855 673 2897 ex
695 2834 955 2916 cavillationibus3
976 2834 1016 2900 'ab
1038 2837 1087 2901 bis
1101 2838 1380 2916 verocomoediam
1401 2837 1551 2921 originem
1565 2837 1697 2916 duxisse,

536 2947 586 3016 ita
606 2951 712 3010 tamur
733 2951 777 3025 ut,
799 2946 1010 3033 phallophoria
1032 2948 1307 3026 abiecta-lascivia
1323 2950 1493 3026 verbomm,
1515 2949 1696 3036 petulantia,

539 3059 746 3139 obscoenitas,
774 3058 928 3124 cavillatio
954 3067 1126 3125 manerent·
1150 3060 1319 3137 vQuorsum
1346 3061 1611 3145 igiturDionysie
1637 3062 1697 3136 ista

540 3170 675 3237 ruralia.
697 3171 731 3234 in
768 3170 1035 3252 Acharnensibus,
1065 3178 1139 3237 tam
1154 3206 1157 3216 ν
1175 3171 1315 3238 accurate
1357 3193 1377 3237 a
1409 3172 1530 3237 Comico
1560 3171 1697 3258 depicta?

535 3276 659 3368 Nempe
686 3288 869 3368 spectatores
896 3280 1006 3351 horum
1033 3284 1282 3371 formam-atque
1309 3284 1445 3350 indolem
1474 3286 1550 3349 bene
1577 3292 1697 3350 norant

539 3394 657 3472 Quidni
692 3395 863 3481 spectaculo
889 3396 923 3461 iu
951 3396 1062 3479 vulgus
1090 3397 1215 3482 quidem
1238 3396 1327 3476 noto,
1360 3403 1392 3461 at
1412 3398 1447 3461 in
1473 3396 1628 3462 comoedia
1648 3398 1698 3462 vel

538 3523 610 3572 raro
632 3506 682 3571 vel
703 3503 844 3573 inaudito
863 3506 1004 3573 delectati
1026 3507 1120 3573 sunt?
1156 3508 1371 3595 Phallophoria
1389 3510 1489 3588 enim,
1518 3504 1616 3594 'quum
1636 3510 1697 3574 sol-

537 3618 654 3683 lemnis
676 3625 730 3698 est,
749 3619 865 3705 pudica
887 3620 1018 3705 quodam
1039 3619 1375 3705 modoestmsnteque
1396 3621 1449 3707 pia
1470 3627 1501 3685 et
1517 3621 1697 3687 celebranda

538 3738 573 3795 et
594 3730 763 3813 celebrata3
782 3739 895 3812 contra,
918 3752 1012 3818 quam
1033 3733 1141 3809 comici
1155 3733 1370 3812 'excoluemnt
1392 3755 1460 3798 eam
1476 3734 1697 3820 Aristophanes
1806 3780 1809 3784 -

538 3843 576 3907 in
598 3842 740 3909 Nubibus
763 3849 794 3908 et
815 3844 889 3908 alibi
911 3844 1090 3930 perstringit
1112 3851 1143 3909 et
1164 3845 1348 3910 reformidat
1376 3845 1427 3909 ⁴Iu
1449 3846 1698 3912 Achemensibus

538 3974 623 4033 vero,
647 3955 679 4019 id
697 3957 782 4041 'quod
799 3956 917 4021 matris
933 3954 1025 4022 verba
1040 3957 1215 4037 ostendunt,
1237 3978 1278 4022 ve·
1289 3958 1352 4022 253
1372 3979 1448 4043 sqq,
1470 3958 1698 4025 ComicusDio·

538 4066 633 4150 nysia
653 4068 769 4133 ruralia
795 4068 906 4133 leniter
933 4069 1066 4149 derisit,
1086 4069 1321 4156 spectatoribus,
1354 4069 1450 4153 quod
1466 4070 1508 4135 sit
1533 4072 1698 4136 discrimen

539 4182 625 4246 inter
641 4180 890 4267 phallophoriam
911 4181 1046 4246 ruralem
1067 4182 1315 4267 comoediamque
1336 4182 1465 4260 iustam,
1491 4203 1570 4267 quae
1591 4183 1628 4246 de
1650 4204 1697 4247 re-.

539 4294 610 4358 bns:
621 4289 765 4378 phalliois
785 4298 915 4372 tentum⁹
929 4293 1023 4358 verba
1043 4294 1145 4377 faciat,
1166 4300 1402 4360 monstraturus

628 4405 750 4489 ltaque,
780 4412 816 4470 ut
844 4405 1019 4492 adVespes
1041 4406 1277 4486 redeat-oratio,
1306 4407 1366 4471 duo
1387 4406 1461 4484 loci,
1490 4405 1602 4490 quibus
1628 4407 1697 4490 quis

538 4516 683 4606 phallum
698 4519 898 4605 conspicuum
913 4515 1006 4583 fuisse
1025 4519 1223 4599 contenderit,
1246 4518 1414 4601 curatione
1428 4517 1602 4602 explicandi
1615 4526 1697 4601 sunt,
1757 4549 1769 4568 x

540 4637 577 4697 ut
597 4630 772 4698 membrum
801 4630 895 4713 digito
916 4631 1088 4697 indicatum
1107 4654 1176 4698 ¹esse
1197 4653 1297 4716 neque
1325 4638 1430 4695 tamen
1458 4629 1540 4693 cerni
1562 4632 1697 4716 potuisse
1823 4707 1825 4712 ¹
