4484 5467
585 465 749 528 καὶταῦτα
771 464 835 531 τοῖς
857 457 1030 545 φεύγουσιν,
1053 454 1124 521 ἀλλ’
1149 456 1223 529 ὀδὰξ
1247 454 1331 543 ἔχει,

903 579 1111 639 ΦΙΛΟΚΛΕΩΝ.

587 684 734 774 ἀνάβαιν’,
757 686 924 766 ἀπολογοῦ.
947 682 974 744 τί
997 680 1202 765 σεσιώπηκας;
1225 680 1303 764 λέγε

945 805 1073 862 ΣΩΣΙΑΣ.

588 908 657 975 ἀλλ’
682 910 738 973 οὐκ
760 906 841 995 ἔχειν
865 904 953 975 οὗτός
975 904 1005 987 γ’
1032 901 1129 967 ἔοικεν
1153 902 1218 965 ὅτι
1241 901 1326 985 λέγῃ.

892 1026 1131 1088 ΒΔΕΛΪΚΛΕΩΝ.

590 1132 656 1212 οὔκ,
678 1131 746 1198 ἀλλ’
772 1129 865 1196 ἐκεῖνό
890 1154 941 1215 μοι
964 1131 1050 1192 δοκεῖ
1070 1125 1261 1201 πεπονθέναι,

588 1246 662 1333 ὅπερ
684 1246 758 1310 ποτὲ
780 1244 900 1330 φεύγων
924 1241 1021 1307 ἔπαθε
1043 1241 1092 1304 καὶ
1114 1238 1318 1323 Θουκυδίδης·

590 1357 781 1443 ἀπόπληκτος
802 1356 944 1442 ἐξαίφνης
964 1352 1081 1437 ἐγένετο
1103 1351 1157 1421 τὰς
1179 1351 1321 1432 γνάθους.

468 1658 493 1693 r.
506 1640 564 1694 943.
600 1640 743 1694 Scholiasta
765 1640 858 1707 legisse
883 1637 996 1690 videtur:
1019 1636 1164 1687 καὶταῦτα
1188 1639 1240 1691 τοῖς
1267 1631 1415 1704 φεθγουσιν,
1446 1631 1506 1684 ἀλλ’
1535 1630 1593 1691 ὀδὰξ

504 1723 562 1797 ἔχει.
579 1724 666 1777 Hotib.
691 1740 717 1792 p.
739 1720 787 1776 108
813 1739 864 1776 non
890 1720 955 1773 male
972 1719 1048 1793 ἔχεις,
1069 1719 1115 1773 scd
1133 1719 1198 1771 male
1215 1719 1410 1787 interpretatus:
1433 1718 1514 1771 intell
1536 1719 1593 1776 τοὺς

504 1810 649 1882 φεύγοντας.

468 1929 493 1967 r.
512 1913 562 1966 944
597 1914 752 1967 Philocleoni
769 1913 858 1965 tribuit
874 1912 913 1974 R„
930 1927 954 1964 ν.
972 1910 1022 1963 945
1041 1909 1202 1976 Βιλολγσλσοιιί
1218 1911 1263 1960 aut
1278 1907 1374 1960 Sosiae
1394 1907 1462 1959 Tum
1475 1924 1499 1959 r.
1511 1907 1593 1960 946-

507 1996 558 2048 948
587 1997 754 2061 Philocleoui,
781 1994 927 2048 949-959
955 1993 1118 2062 Bdelyeleoni
1145 1994 1221 2061 vulgo
1247 1993 1433 2047 tribuebantur.
1479 1991 1593 2046 Correxit

505 2082 660 2146 Brunckius,
678 2084 801 2149 probatus
819 2084 895 2135 etiam
913 2082 1037 2135 Dobraeo.

470 2202 495 2238 ν.
508 2185 566 2238 945.
601 2183 675 2242 οὗτός
692 2186 718 2253 γ’
749 2184 826 2236 ἔοικεν
853 2183 938 2252 vulgo.
963 2182 1042 2235 ἔοικεν
1069 2181 1142 2241 οὗτος
1168 2182 1230 2234 Gob.
1249 2182 1340 2234 linem.
1367 2182 1421 2235 ll.
1440 2182 1523 2251 qnod,
1546 2197 1593 2253 quo

506 2267 670 2336 supersedere
688 2269 815 2336 possimus
832 2269 924 2321 misera
942 2268 1031 2321 nocida
1048 2268 1083 2338 γέ,
1101 2269 1247 2339 receperim.

437 2525 528 2578 gnum
557 2513 583 2562 et
608 2509 721 2561 minandi
745 2508 863 2573 verbum,
890 2513 917 2561 ut
942 2509 988 2577 Eq.
1039 2509 1099 2571 ὀδὰξ
1117 2510 1144 2562 ἐν
1162 2508 1253 2582 χείλεσι
1272 2508 1362 2581 φὺντες
1380 2526 1524 2579 compares.
1557 2512 1592 2564 De

439 2594 505 2649 1057
528 2596 636 2668 χέσαιτο,
654 2596 674 2647 εἰ
692 2596 838 2668 μαχέσαιτο.
1039 2596 1121 2649 forma
1138 2596 1189 2668 ἔχει
1207 2596 1239 2649 cf.
1257 2597 1362 2664 Gregor.
1381 2595 1439 2650 Gor.
1458 2614 1484 2665 p.
1505 2599 1560 2651 119.

486 2732 511 2768 ν.
535 2715 593 2769 943.
628 2716 690 2789 ἕχειι
722 2717 800 2769 schol.
832 2714 884 2767 οἷον
916 2714 987 2767 οὐδὲν
1085 2718 1108 2753 V·
1122 2698 1180 2752 947·
1204 2695 1369 2771 8⁰*’³‘'’lil¹l5·
1386 2700 1591 2753 01040000οΠ00]

437 2798 581 2874 φθέγγεται,
606 2801 673 2855 ἀλλὰ
695 2802 754 2862 τοὺς
775 2800 881 2861 ὀδόντας
903 2800 987 2873 tm.
1038 2786 1183 2849 memorari,
1211 2785 1361 2837 scholiastae
1383 2786 1527 2854 explicant,
1552 2788 1592 2855 qui

436 2894 490 2947 zor
507 2889 607 2962 mxu
632 2886 741 2941 ρχγωχ
776 2889 857 2953 Quam
878 2889 988 2956 explica,
1037 2874 1156 2940 quattuor
1168 2871 1281 2924 eiusdem
1298 2872 1408 2923 nominis
1428 2873 1499 2926 viros
1517 2873 1591 2925 fuisse

435 2974 530 3026 tionem
549 2976 570 3026 si
588 2975 737 3043 probamus,
763 2975 796 3026 ad
813 2991 901 3027 canem
919 2991 989 3027 reum
1040 2958 1143 3010 300000·
1179 2958 1216 3011 De
1240 2958 1281 3009 403
1304 2958 1408 3011 0000403
1431 2960 1497 3011 Silis
1519 2974 1591 3028 0¹P0·

436 3076 463 3113 se
480 3062 635 3114 convertisse
647 3060 850 3124 thesmuthetam,
869 3060 990 3113 debemus
1039 3045 1091 3097 suit
1108 3044 1200 3112 0090
1218 3044 1275 3097 00·
1288 3043 1358 3097 000·
1376 3060 1402 3113 P·
1415 3044 1458 3097 55·
1475 3061 1502 3113 Ρ·
1515 3045 1590 3112 0089

437 3146 559 3216 accipere,
577 3150 652 3214 atque
664 3147 771 3199 eundem
783 3146 815 3199 de
827 3163 898 3210 cane,
915 3162 990 3215 quem
1039 3132 1082 3199 qui
1106 3130 1225 3183 M010⁸l³0
1251 3130 1331 3182 fillum
1356 3130 1377 3183 Ρ
1379 3131 1495 3183 mitelli
1521 3143 1590 3193 ²⁰⁰⁰,

438 3231 582 3286 mordacem
600 3232 681 3298 videt,
699 3233 731 3285 ad
748 3233 858 3286 iudicem
875 3234 938 3287 haec
955 3234 990 3285 ie·
1038 3218 1055 3271 l·
1074 3234 1096 3271 θ·
1114 3217 1153 3270 0¹·
1170 3216 1318 3279 LXXXIV,
1344 3217 1366 3281 l,
1385 3233 1407 3270 ²·
1425 3216 1479 3268 444
1500 3217 1527 3269 in
1544 3217 1590 3269 ⁰¹5·

438 3319 503 3370 01350
523 3319 601 3371 verba
619 3318 674 3372 ἀλλ’
694 3316 754 3380 ὀδὰξ
773 3319 834 3392 ἔχῃ,
861 3321 878 3374 i,
903 3336 924 3373 θ,
949 3335 990 3373 ve.
1038 3304 1099 3355 lium
1122 3303 1229 3355 missum
1250 3318 1307 3355 esse
1329 3301 1521 3356 demonstrauit.
1556 3301 1589 3357 Oi.

437 3420 493 3456 rum
511 3404 616 3458 mordax
633 3409 680 3458 est.
698 3434 731 3443 —
749 3405 815 3457 Tum
837 3406 915 3459 schol.
939 3405 990 3458 δια·
1038 3389 1101 3442 000
1121 3389 1172 3442 705
1184 3405 1205 3441 ⁰·
1223 3388 1302 3441 schol·

438 3488 554 3560 σπαράξει
572 3490 655 3560 βαθλει
675 3497 727 3550 τοῖς
749 3489 834 3545 ὀδοῦσι
855 3491 898 3544 τὸν
917 3491 990 3555 chon,
1091 3509 1115 3546 r.
1134 3492 1191 3546 948.
1222 3491 1317 3545 Canem
1334 3493 1423 3546 dentes
1441 3495 1589 3561 restringen-

437 3575 472 3627 io’
490 3570 507 3651 ᾖ
525 3576 555 3630 τὸ
569 3576 619 3650 ἔχει
631 3577 747 3650 δευτέρου
759 3578 895 3651 προσώπου
908 3573 990 3631 'Arcu
1039 3581 1091 3631 tem
1108 3576 1178 3642 (ὀδὰξ
1191 3577 1252 3651 ἔχει)
1270 3579 1436 3649 silentemque
1454 3597 1514 3634 cum
1527 3581 1588 3633 'lhu-

436 3666 492 3715 κοῦ.
527 3663 597 3717 Haec
618 3664 754 3735 Bdelycleo
776 3668 875 3718 tantum
897 3664 930 3717 ad
952 3679 990 3717 se·
1038 3664 1130 3731 oydide
1148 3671 1289 3734 comparat,
1313 3668 1356 3735 qui
1376 3668 1473 3721 buccas
1491 3671 1589 3736 stupore

437 3766 506 3814 nem,
531 3755 560 3803 nt
581 3752 786 3818 interrogationis
810 3751 910 3820 signnm
932 3754 991 3818 post
1038 3765 1174 3819 percussus
1193 3752 1346 3805 obmutuerit
1358 3753 1452 3806 subito.
1482 3754 1523 3806 Ad
1534 3752 1588 3823 γνά-

436 3836 487 3909 ἔχει
504 3838 538 3889 sit
554 3836 707 3905 ponendum.
735 3838 822 3905 ltaque
839 3838 989 3905 interpretes
1039 3833 1100 3896 θους
1117 3838 1196 3889 schol.
1219 3837 1281 3891 δέον·
1298 3838 1372 3891 εἰπεῖν
1396 3840 1444 3908 τὴν
1468 3838 1587 3909 γλῶσσαν.

435 3923 520 3975 latini:
546 3923 689 3976 inhaerebis
715 3923 861 3975 maledicus.
886 3923 989 3976 -Sed
1038 3923 1210 3996 ἀπόπληκτος,
1228 3925 1388 3990 echichtern‚
1406 3925 1438 3977 de
1452 3925 1587 3978 timidisat

436 4010 502 4061 huuc
520 4009 654 4063 uerborum
672 4025 774 4063 sensum
792 4026 870 4077 quum
887 4009 989 4062 omnino
1038 4026 1086 4079 que
1098 4010 1270 4063 immobilibus
1283 4011 1347 4063 dixit
1359 4011 1433 4064 l'lato
1446 4029 1487 4081 ap.
1501 4011 1585 4064 Athen.

436 4095 555 4162 probem,
572 4096 734 4150 scribendum
752 4096 816 4149 duco
834 4096 910 4170 ἔχεις,
929 4092 988 4155 ὀδὰξ
1037 4096 1108 4161 XIV,
1127 4097 1177 4149 6⁴28
1190 4096 1214 4148 d.
1233 4097 1308 4150 blein.
1327 4096 1355 4150 O.
1367 4097 1391 4149 Il
1403 4115 1428 4166 p.
1441 4098 1500 4152 659.
1518 4099 1598 4153 Prae.

437 4179 500 4250 ἔχεις
519 4185 547 4234 ut
563 4189 665 4245 κακῶς,
692 4182 803 4256 αἰσχρῶς
825 4182 900 4256 ἔχεις,
927 4196 987 4249 quo·
1035 4187 1105 4237 terea
1129 4185 1168 4237 bis
1187 4184 1296 4236 occurrit
1317 4184 1344 4236 iu
1366 4184 1456 4253 fragm.
1481 4184 1548 4240 com
1565 4198 1584 4235 ν.

437 4277 493 4315 cum
510 4266 679 4335 Homericum,
697 4270 764 4339 quod
782 4284 868 4323 omnes
886 4271 987 4332 norunt,
1035 4269 1090 4323 Ind.
1108 4271 1141 4323 Μ.
1161 4269 1188 4322 O.
1207 4268 1231 4320 V
1248 4285 1269 4323 s.
1287 4286 1311 4322 ν.
