4484 5467
1020 576 1216 636 ΣΦΗΚΕΣ

695 756 730 819 οὐ
753 758 809 841 γὰρ
833 759 931 819 δάκνει
957 754 997 832 α’,
1021 755 1089 818 ὅταν
1114 756 1168 838 δέῃ
1193 757 1290 839 τίμιον
1314 750 1470 838 πρίασθαι.

996 879 1082 935 ΙΙᾹΙΣ.
1101 879 1243 947 (ΙΙᾹΙΔΕΣ)

694 980 720 1041 εἰ
741 979 778 1061 νὴ
802 978 848 1042 Δί’
874 975 912 1039 αὖ
934 982 998 1047 τοῖς
1020 978 1177 1047 κονδύλοις
1198 974 1400 1060 νουθετήσεθ’
1426 978 1517 1059 ἡμᾶς,

576 1109 586 1120 ’
694 1088 915 1175 ἀποσβέσαντες
937 1088 1007 1158 τοὺς
1030 1089 1159 1173 λύχνους
1183 1089 1291 1174 ἄπιμεν
1316 1086 1413 1151 οἴκαδ’
1440 1083 1546 1156 αὖθις·
1596 1082 1617 1166 J
1654 1083 1656 1088 ’

695 1200 811 1264 κᾶπειτ’
837 1199 910 1268 ἴσως
932 1201 962 1263 ἐν
985 1206 1029 1284 τῷ
1053 1199 1150 1279 σκότῳ
1173 1202 1293 1264 τουτουὶ
1318 1198 1471 1284 στερηθεὶς

695 1313 745 1377 τὸν
768 1311 863 1392 πηλὸν
887 1312 989 1396 ὥσπερ
1012 1313 1138 1394 ἀτταγᾶς
1161 1314 1318 1399 τυρβάσεις
1341 1310 1482 1399 βαδίζων.

1060 1436 1135 1492 xoPr
1144 1438 1179 1492 m.

698 1535 718 1618 ἦ
745 1537 801 1620 μὴν
826 1535 886 1616 ἐγώ
910 1557 966 1596 σου
988 1534 1136 1619 χάτέρους
1161 1536 1301 1619 μείζονας
1324 1537 1458 1609 κολάζω.

696 1645 759 1710 ἀλλ’
785 1645 889 1709 οὑτοσί
912 1669 963 1728 μοι
987 1643 1133 1732 βόρβορος
1156 1647 1290 1731 φαίνεται
1312 1650 1464 1711 πατοῦντι·

544 1774 595 1827 260
698 1758 773 1821 κούκ
798 1755 868 1819 ἔσθ’
894 1756 978 1825 ὅπως
1002 1756 1060 1842 οὐχ
1083 1759 1208 1842 ἡμερῶν
1231 1760 1378 1844 τεττάρων
1401 1758 1435 1821 τὸ
1458 1761 1602 1823 πλεῖστον

613 2019 656 2067 aut
674 2015 772 2087 ὠνόητε
785 2013 954 2066 scribendum.
967 2042 999 2049 —·
1014 2012 1052 2077 od,
1070 2014 1139 2082 «ruod
1156 2014 1182 2066 in
1200 2014 1249 2066 flue
1269 2029 1357 2066 versus
1374 2014 1517 2080 legebatur,
1536 2014 1692 2067 deleritFtor.

613 2100 670 2154 Chr.
689 2101 827 2154 Bentleius

577 2204 600 2238 v.
614 2187 672 2240 254.
709 2182 781 2244 αὖθις
798 2186 883 2254 vulgo.
913 2184 944 2237 αὖ
962 2192 1014 2243 τοῖς
1033 2184 1094 2238 Cob.
1113 2187 1205 2238 tinem.
1224 2186 1240 2238 l.
1255 2186 1271 2236 l.
1290 2202 1315 2253 p.
1326 2185 1385 2249 424,
1404 2201 1435 2237 ne
1448 2184 1584 2245 κονὸὑλαις
1600 2185 1694 2238 articulo

613 2279 712 2337 eareat3
729 2276 782 2325 tum
800 2272 867 2324 idem
884 2287 960 2324 versu
977 2288 1029 2340 seq.
1049 2268 1120 2330 αὖθις
1138 2288 1185 2340 pro
1204 2272 1282 2324 adrui.

578 2378 601 2413 v.
616 2360 673 2412 259.
710 2357 829 2431 βόρβορος
851 2358 935 2427 vulgo.
971 2361 1103 2431 μάρμαρος
1132 2360 1162 2412 G.
1186 2360 1271 2412 Herm.
1298 2362 1325 2411 et
1347 2359 1439 2429 Bergk.
1483 2360 1514 2413 Iu
1542 2360 1643 2412 Veneto
1665 2361 1696 2410 est

614 2445 746 2518 βάρβαρος.
765 2445 797 2499 ci.
816 2444 878 2497 (tob.
896 2445 928 2497 V.
946 2446 975 2498 L.
994 2463 1019 2513 p.
1038 2445 1096 2499 ⁸283.

596 2695 620 2729 v.
639 2676 698 2730 253.
732 2675 828 2744 ripun:
854 2694 924 2741 aare,
948 2678 1036 2746 grandi
1058 2694 1101 2747 pe·
1202 2698 1225 2731 v.
1251 2680 1308 2733 253.
1347 2679 1463 2742 καλοῖζωε
1498 2682 1581 2736 schol.
1616 2683 1641 2735 ἐν
1669 2685 1699 2752 τῷ

545 2765 632 2826 ouuia3
656 2762 706 2815 hoo
723 2777 799 2814 sensu
817 2763 949 2831 aliquoties
966 2765 993 2816 iu
1009 2764 1099 2832 fragm.
1150 2766 1311 2839 δικαστηρίῳ.
1327 2796 1360 2803 -
1377 2766 1393 2837 ἠ
1408 2766 1458 2837 μὴν
1477 2766 1528 2818 hoo
1545 2768 1604 2821 loeo
1617 2769 1700 2837 optime

546 2850 705 2903 comicorum
727 2851 820 2913 exstat,
838 2848 869 2900 ef.
887 2849 941 2901 Iud.
961 2867 1001 2919 ap.
1019 2851 1052 2903 Μ.
1072 2849 1099 2903 O.
1150 2852 1255 2905 reddas:
1279 2853 1331 2904 uoti
1353 2852 1440 2904 mirari
1466 2853 1623 2919 (nimirum);
1649 2869 1700 2906 nos:

544 2936 569 2988 V
587 2951 607 2987 s.
626 2951 649 2986 v.
1150 2938 1208 3005 gieb
1226 2937 1285 2990 dioh
1303 2938 1443 2990 zutriedeu!
1462 2939 1517 2991 vel:
1537 2941 1561 2992 ei
1573 2946 1639 2993 was!
1657 2939 1701 2992 Ali·

597 3037 621 3072 ν.
640 3019 698 3073 254.
728 3019 768 3072 Ad
785 3020 817 3092 νὴ
836 3016 877 3072 Δί’
897 3021 927 3073 oi.
947 3022 1014 3074 Reis.
1029 3020 1100 3074 Coui.
1149 3026 1188 3074 ter
1205 3040 1229 3075 ν.
1248 3022 1306 3076 277.

544 3126 570 3178 p.
584 3106 642 3171 256,
655 3107 688 3159 ad
699 3104 828 3164 κανδύλοις
840 3103 1003 3175 venderiam
1018 3123 1100 3175 comp.
1201 3127 1224 3161 r.
1244 3109 1302 3162 260.
1331 3109 1395 3162 τιούκ
1413 3107 1471 3162 ἔσθ’
1490 3140 1524 3147 -
1537 3110 1567 3163 τὸ
1580 3111 1702 3165 πλεῖστανι

544 3194 590 3262 Eq.
601 3193 665 3246 1236
672 3190 977 3263 αονδΰλοιςὴρματτόμην
988 3191 1100 3260 (Burgi),
1151 3196 1229 3247 schol.
1254 3195 1308 3247 ἀντὶ
1323 3200 1368 3247 τοῦ
1386 3196 1444 3249 εἴσω
1462 3197 1569 3269 ἡμερῶν
1581 3200 1702 3270 τεσσάρων

545 3279 577 3351 νὴ
611 3280 670 3337 τοὺς
704 3275 841 3335 κονδύλους
876 3279 944 3330 iurat
976 3277 1101 3330 isiciarius
1150 3283 1252 3339 πάντως
1269 3279 1340 3339 ὑετὸς
1357 3281 1472 3351 γίγνεται.
1501 3283 1542 3336 Ita
1560 3285 1703 3354 interpretes

544 3366 591 3434 Eq.
608 3365 667 3417 411.
1152 3367 1182 3418 de
1209 3370 1327 3435 quattuor
1351 3368 1474 3435 proximis
1499 3369 1591 3423 diebus
1616 3371 1703 3423 dictum

597 3468 621 3502 v.
640 3449 697 3501 257.
726 3449 868 3522 τυρβάσειςι
890 3439 1102 3524 semiramidem.
1153 3468 1209 3504 esse
1217 3453 1362 3520 intelligunt
1371 3469 1465 3506 omnes.
1479 3454 1592 3509 Elmslei.
1601 3456 1702 3508 Acheru

545 3536 559 3589 ὁ
584 3536 611 3588 δὲ
635 3536 742 3605 ἀτταγᾶς
767 3565 800 3573 -
822 3536 974 3609 τερπόμενον
1002 3537 1026 3589 ἐν
1051 3544 1103 3596 τοῖς
1154 3538 1203 3590 782
1234 3539 1323 3590 vertit:
1354 3539 1489 3607 quatriduo
1517 3542 1551 3593 ad
1575 3557 1702 3603 summum,

546 3621 674 3694 πηλώδεσι
696 3622 782 3681 τόποις
803 3622 846 3674 καὶ
861 3622 989 3692 τέλμασιν.
1022 3623 1101 3700 Arem
1153 3624 1221 3692 quod
1246 3624 1320 3676 Dind.
1348 3627 1451 3693 recepit.
1497 3627 1653 3681 Fritzsehius
1676 3626 1703 3679 ad

548 3707 663 3775 depinxit
697 3708 790 3761 Noster
827 3708 872 3760 dr.
905 3709 955 3761 244
986 3725 1040 3778 sqq.
1077 3713 1103 3761 et
1154 3710 1230 3761 Arist.
1255 3710 1356 3762 Tlresm.
1380 3710 1445 3762 806:
1471 3716 1594 3779 quattuor
1620 3715 1703 3766 abhinc

548 3792 600 3846 760
617 3808 663 3861 σιμ,
693 3810 716 3845 v.
735 3794 826 3854 schol.;
854 3794 961 3846 emidem
988 3812 1019 3847 ex
1046 3796 1102 3847 Ari·
1153 3796 1255 3847 diebus:
1274 3797 1305 3847 of.
1319 3797 1359 3848 Fr.
1379 3797 1409 3848 de
1422 3798 1543 3864 parabasi
1556 3799 1702 3867 Thesmoph.

548 3880 638 3932 stotele
656 3880 761 3948 aliisque
783 3880 849 3932 Fior.
874 3880 941 3945 Chr,
968 3882 999 3934 oi.
1023 3882 1101 3934 Arist.
1152 3882 1228 3950 pil.
1242 3912 1275 3918 —
1291 3882 1321 3935 G.
1331 3883 1416 3935 Heuu.
1427 3882 1458 3933 de
1468 3882 1546 3936 choro
1557 3885 1635 3953 t'esp.
1648 3902 1672 3954 p.
1683 3885 1703 3947 7,

549 3982 589 4033 ap.
608 3964 700 4017 Athen.
717 3965 769 4029 IX,
794 3965 1102 4020 387f.Mem.Com.11
1151 3984 1227 4037 quum
1255 3970 1388 4039 μάρμαρος
1414 3968 1464 4035 legi
1486 3968 1607 4030 iusserit,
1634 3972 1704 4023 haer:

547 4069 573 4121 p.
588 4050 662 4103 1127.
691 4050 785 4105 Nostro
802 4053 859 4105 loeo
877 4069 927 4105 non
944 4053 1025 4106 solum
1044 4070 1102 4107 oum
1152 4055 1203 4118 „At
1220 4054 1345 4122 quomodo
1363 4054 1403 4105 hio
1421 4069 1512 4118 senex,
1530 4055 1611 4108 altero
1630 4061 1657 4108 ut
1673 4057 1705 4108 lu·

549 4152 596 4189 ave
619 4136 727 4205 palustri
744 4152 817 4189 senes
841 4142 1034 4207 comparantur,
1057 4139 1102 4191 sed
1151 4144 1205 4191 turn
1232 4140 1323 4190 vitaret
1350 4139 1446 4191 monito
1473 4141 1535 4201 (uon
1559 4142 1640 4193 altero
1658 4143 1706 4212 qui-

547 4223 615 4274 inest
631 4237 732 4290 quoque
755 4237 874 4275 sonorum
899 4223 970 4277 lusus
994 4224 1102 4294 ἀτταγᾶς
1152 4225 1208 4276 doru
1226 4226 1271 4277 sed
1288 4228 1342 4276 toto
1360 4224 1450 4290 opinor
1468 4224 1565 4290 choro),
1591 4228 1658 4280 ἀλλὰ
1674 4228 1706 4278 ‹ti-

548 4311 574 4361 et
592 4306 662 4359 ἄττα.
696 4308 762 4372 Quin
780 4309 855 4361 etiam
869 4309 922 4361 aris
934 4314 1103 4379 eomparatur,
1154 4326 1211 4363 cere
1232 4312 1333 4378 potuit?
1357 4309 1496 4379 quomode,
1518 4313 1588 4379 quod
1609 4314 1706 4382 gravius

550 4394 618 4463 quod
635 4410 708 4446 senes
726 4394 841 4446 eruribus
863 4394 962 4462 ingredi
983 4396 1103 4449 tenuibus
1154 4400 1201 4460 est,
1219 4398 1240 4447 si
1259 4400 1284 4447 et
1300 4397 1355 4464 ipse
1368 4411 1394 4447 se
1412 4397 1437 4447 iu
1455 4396 1510 4449 luto
1525 4398 1645 4453 incedere
1657 4416 1707 4452 sen-

551 4479 633 4533 solent
664 4495 802 4547 gressuque
832 4479 931 4548 trepido
962 4485 1037 4549 atque
1067 4484 1104 4536 in·
1155 4483 1198 4546 tit,
1226 4482 1395 4557 uonpluisse
1418 4483 1519 4550 potius,
1546 4501 1624 4554 quam
1647 4486 1707 4537 iutra

547 4562 629 4619 firmo.
1155 4571 1271 4638 quartum
1290 4568 1356 4620 diem
1382 4568 1495 4621 futurum
1512 4585 1570 4624 esse
1598 4572 1708 4641 plurium
