4484 5467
535 593 556 656 4
774 631 778 636 .
931 586 1119 641 onolacco.
1155 585 1298 640 οιννιι
1367 601 1369 607 ’

742 797 783 808 -
806 759 885 830 ὅστις
907 758 1027 845 ἄριστος

579 874 897 959 κωμῳδοδιδάσκαλος
918 872 1087 956 ἀνθρώπων
1110 872 1161 935 καί
1182 869 1368 942 κλεινότατος
1388 872 1553 957 γεγένηται.

537 986 624 1050 Certe
646 984 703 1048 boc
722 986 1040 1070 κωμῳδοδιδάσκαλος
1068 1002 1106 1045 ex
1134 986 1229 1065 parta·
1248 981 1330 1047 idem
1352 989 1399 1047 est
1424 988 1517 1068 atque
1544 985 1697 1069 κωμῳδο-

536 1100 679 1182 ποιήτής,
702 1095 782 1181 quod
804 1094 919 1160 ibidem
941 1114 969 1157 ν.
993 1094 1056 1157 734
1078 1098 1139 1171 est3
1167 1099 1235 1157 tum
1257 1101 1328 1161 uer'o
1350 1115 1422 1158 οιιιιι
1443 1095 1612 1178 significat,
1643 1094 1695 1177 qui

537 1208 673 1273 fabulam
694 1208 892 1292 spectandam
914 1211 1009 1271 curat.
1053 1205 1131 1269 Item
1153 1204 1255 1288 Equit.
1279 1227 1307 1270 ν.
1330 1207 1408 1271 516;

580 1320 910 1406 κωμῳδοδιδασκαλίαν
933 1318 1010 1382 εἶναι
1031 1319 1245 1403 χαλεπώτατον
1270 1316 1360 1403 ἔργον
1383 1320 1522 1384 ἁπάντων

538 1440 703 1515 utrumque
724 1430 891 1513 significari
920 1433 1045 1513 apparet
1067 1433 1098 1491 et
1126 1429 1374 1514 compositionem
1396 1435 1428 1510 et
1447 1429 1698 1495 commissionem

537 1544 667 1609 fabulae.
710 1543 776 1608 Iam
803 1562 899 1626 quum
926 1542 1019 1605 verba
1040 1542 1205 1620 διδάσκειν,
1234 1543 1429 1620 διδάσκαλος,
1459 1542 1639 1607 διδασκαλία
1662 1541 1696 1604 in

538 1676 597 1721 usu
618 1655 734 1719 suerint
755 1654 813 1732 ita,
842 1660 878 1719 ut
899 1659 930 1716 et
950 1652 1102 1738 poetam
1093 1673 1197 1737 rpsum
1218 1658 1250 1717 et
1269 1658 1375 1739 poetae
1397 1653 1531 1718 officium
1553 1660 1585 1719 et
1605 1653 1697 1718 fabu-

537 1766 602 1832 lam
623 1766 770 1851 scriptam
790 1764 954 1847 intelligas,
976 1763 1144 1849 quaeritur,
1165 1769 1317 1849 quatenus
1338 1763 1378 1829 ad
1392 1765 1628 1890 committendas
1651 1765 1699 1828 fa-

478 1925 480 1930 ·
537 1877 627 1943 bulas
648 1877 830 1962 pertineant
1097 1875 1116 1914 ⁴

622 1989 660 2052 V.
697 1988 799 2073 Atque
820 2008 859 2052 ex
878 1983 1094 2073 Aristophanis
1115 1988 1310 2075 aequalibus,
1332 1989 1484 2055 Herodoto
1505 1994 1537 2054 et
1557 1988 1699 2070 Platone,

538 2100 680 2167 novimus
707 2092 854 2166 διδάσκειν
876 2099 914 2163 de
936 2099 1070 2165 tabula
1060 2120 1096 2164 m
1127 2100 1247 2166 theatro
1268 2101 1415 2166 edenda
1405 2122 1469 2165 ram
1490 2100 1555 2166 illis
1576 2107 1700 2186 tempo-

538 2213 623 2279 ribus
645 2218 828 2298 usurpatum
850 2233 924 2277 esse.
967 2210 1108 2277 Herodot
1132 2213 1168 2291 6,
1196 2214 1252 2277 21:
1280 2213 1586 2301 (ὑπεραχθεσθέντες)
1608 2215 1698 2298 ποιής

444 2358 448 2368 ·
540 2350 622 2391 σαντι
638 2325 783 2411 Φρυνίχῳ
806 2327 905 2411 δρᾶμα
921 2324 1059 2410 Μιλήτου
1076 2325 1256 2404 άλωσινκαὶ
1270 2327 1433 2399 διδάξαντιι
1454 2325 1537 2389 idem
1552 2324 1590 2388 de
1604 2330 1699 2409 poeta

534 2435 802 2520 dithyramborum
823 2435 937 2502 Arione
966 2438 1078 2515 1,20:
1107 2437 1294 2524 διθύραμβον
1317 2439 1486 2522 ποιήσαντα
1511 2439 1561 2501 καὶ
1583 2436 1697 2522 δνομά-

542 2573 633 2615 σαντα
655 2550 705 2613 καὶ
726 2550 893 2621 διδάξαντα.
937 2547 1023 2613 Plato
1045 2547 1165 2631 Protag.
1182 2549 1260 2612 327:
1275 2546 1339 2619 ὀδς
1360 2548 1466 2635 πέρυσι
1487 2548 1522 2633 (i.
1537 2569 1563 2612 e.
1579 2546 1627 2612 01.
1644 2548 1697 2625 89,

541 2661 643 2725 aaa
667 2659 863 2747 Ἀριστίωνος
893 2659 1040 2747 ἄρχοντος
1066 2660 1179 2725 Athen.
1212 2660 1256 2739 V,
1284 2659 1348 2724 218
1376 2659 1420 2744 d.)
1456 2662 1649 2748 Φερεκράτης
1680 2662 1697 2723 ὁ

539 2774 668 2858 ποιητής
689 2772 822 2845 ἐδίδαξεν
845 2773 894 2836 ἐπὶ
913 2772 1054 2857 Ληναίων
1076 2772 1141 2856 (ἐπὶ
1162 2772 1286 2858 Ληναίῳ
1306 2770 1493 2851 Meinekius,
1515 2792 1609 2856 quem
1631 2771 1696 2835 vid.

542 2882 625 2947 Com.
640 2884 655 2947 I
675 2904 706 2969 p
727 2884 766 2947 71
790 2905 855 2969 sqq
869 2904 899 2969 p.
916 2884 981 2967 79.)
1017 2883 1098 2948 Hinc
1114 2883 1306 2969 perspicitur,
1330 2883 1488 2949 Comicnm
1500 2882 1579 2948 Ran.
1597 2883 1697 2947 1056:

586 2995 651 3061 εἶτα
667 2998 788 3069 διδάξας
801 2996 919 3083 Πέρσας
942 2997 1015 3081 μετὰ
1036 2994 1116 3061 ταῦτ’
1140 2996 1298 3142 ἐπιθυμεῖν
1321 2996 1477 3070 ἐξεδίδαξα

571 3112 664 3173 νικᾶν
681 3108 728 3172 ἀεὶ
747 3107 819 3179 τοδς
842 3108 1021 3178 ἀντιπάλους
1043 3143 1084 3155 -

541 3241 611 3284 cum
638 3219 802 3283 verborum
827 3219 900 3283 luen
925 3217 1012 3303 prius
1041 3221 1164 3293 διδάξας
1192 3218 1229 3282 de
1256 3218 1433 3283 docendas
1418 3217 1536 3298 fabula,
1564 3218 1699 3285 alterum

541 3334 695 3406 ἐξεδίδαξα
717 3331 755 3394 de
776 3330 888 3416 populo
910 3329 1022 3394 fabulis
1043 3330 1194 3395 edocendo
1216 3336 1248 3396 et
1264 3330 1430 3395 erudiendo
1445 3330 1567 3395 dixisse.
1603 3330 1699 3396 Porro

433 3447 436 3452 ’
541 3444 577 3508 de
599 3463 659 3510 usu
680 3442 765 3507 verbi
788 3443 968 3513 διδάσκαλος
988 3442 1197 3508 memorabilis
1217 3442 1303 3507 locus
1325 3449 1372 3508 cst
1391 3443 1429 3507 in.
1448 3442 1583 3508 oratione
1602 3443 1697 3507 Anti-

523 3555 663 3640 phontis
683 3556 750 3642 περὶ
763 3557 912 3641 χορευτοῶ
926 3575 956 3638 p.
973 3554 1051 3619 768:
1072 3555 1176 3641 ἐπειδὴ
1199 3556 1333 3642 χορηγὸς
1353 3556 1538 3640 κατεστάθην
1555 3555 1604 3625 ,εἰς
1619 3553 1697 3642 Θαρ-

540 3669 632 3753 γήλια
651 3668 702 3731 καί
724 3665 837 3752 ἔλαχον
852 3664 1027 3731 Παντακλέα
1045 3669 1225 3732 διδάσκαλον
1247 3668 1298 3731 καί
1311 3665 1484 3754 Κεκροπίδα
1502 3667 1606 3753 φυλήν
1621 3667 1698 3752 πρδς

540 3786 581 3863 qi
603 3781 737 3863 ἐμαυτοῦ
761 3806 808 3825 -·
824 3778 994 3864 ἐχορήγουν
1023 3780 1066 3849 ῶς
1092 3781 1237 3843 κάλλιστα
1264 3779 1415 3865 ἐδυνάμην
1443 3782 1493 3844 καὶ
1515 3777 1696 3843 δικαιότατα.

540 3892 590 3955 καὶ
610 3893 729 3976 πρῶτον
756 3890 813 3975 μὲν
832 3891 1039 3955 διδασκαλεῖον
1061 3888 1084 3974 ή
1107 3890 1145 3975 ἦν
1163 3889 1399 3976 ἐπιτηδειότατον
1422 3896 1478 3976 τῆς
1499 3891 1579 3976 ἐμῆς
1601 3892 1698 3961 οίκίας

540 4001 760 4080 κατεσκεύασα,
782 4002 812 4065 ἐν
836 3997 919 4089 ᾧπερ
940 4003 990 4066 καὶ
1008 4002 1179 4072 Διονυσίοις
1200 4001 1250 4070 ὅτε
1269 4003 1439 4089 ἐχορήγουν
1460 4002 1634 4067 ἐδίδασκονε
1657 4002 1697 4065 ad

540 4135 632 4200 quem
658 4112 760 4178 locum
780 4109 957 4198 Harpocrat
985 4134 1010 4178 e.
1032 4134 1061 4177 ν.
1085 4116 1278 4184 διδάσκαλοςι
1307 4116 1391 4185 ἰδίως
1421 4116 1622 4183 διδασκαλους
1649 4113 1696 4177 λε’-

539 4251 626 4311 γυυσι
654 4226 731 4297 ’τοὺς
757 4227 883 4313 ποιητὰς
914 4229 974 4289 τῶν
1010 4217 1207 4315 διθυράμβων
1236 4226 1256 4312 {t
1285 4231 1346 4293 τῶν
1375 4228 1548 4311 κωμῳδιῶν
1583 4225 1604 4309 ἢ
1633 4230 1694 4291 τῶν

539 4342 725 4425 τραγῳδιῶν.
758 4336 906 4423 Ἀντιφῶν
929 4336 960 4400 ἐν
975 4344 1021 4424 τῳ
1033 4332 1102 4423 περὶ
1115 4341 1171 4401 τοῦ
1185 4343 1351 4425 χορευτοῶ·
1374 4336 1498 4424 ἔλαχον,
1520 4339 1603 4425 φησὶ,
1619 4337 1696 4402 Παν·

539 4450 650 4514 τακλέα
672 4452 863 4515 διδάσκαλον.
899 4446 943 4512 δτι
965 4449 1022 4535 γὰρ
1046 4449 1257 4535 ίιΠαντακλής
1270 4452 1408 4537 ποιητής,
1430 4451 1601 4535 δεδήλωκεν
1615 4447 1695 4536 Ἀρι-

541 4561 681 4646 στοτέλης
696 4564 727 4626 ἐν
742 4566 807 4633 ταῖς
822 4560 1042 4631 Διδασκαλίαις.
1080 4560 1160 4625 πολὺ
1175 4560 1199 4625 δ’
1216 4562 1278 4625 ἐστὶ
1288 4565 1343 4626 κάν
1358 4570 1400 4647 τη*
1414 4562 1528 4650 ἀρχαίᾳ
1543 4562 1694 4646 κωμῳδίᾳ
