4484 5467
540 570 583 635 90
921 571 1108 627 secuudum
1144 571 1256 626 GAPV'I'
1271 572 1308 627 III

624 739 697 805 Post
721 741 828 826 pnigos
856 742 966 809 chorus
993 743 1187 832 aliquantum
1219 742 1332 810 desinit
1357 747 1495 809 cantara
1545 745 1683 830 Sequitur

540 851 623 918 enim
650 853 787 939 stropha,
816 874 894 940 quae
921 878 984 921 non
1011 856 1111 922 solum
1139 856 1306 922 canebatur
1332 856 1423 922 nevis
1443 856 1566 937 modis,
1588 879 1687 923 vernn

540 965 634 1031 etiam
660 965 837 1033 saltabatur.
881 968 917 1033 In
945 968 1052 1054 Vespis
1080 974 1215 1035 metrum
1242 968 1382 1055 strophae
1415 968 1687 1055 simplicissimum,

440 1162 443 1166 ι
539 1077 726 1144 trochaicum
752 1084 812 1162 est,
840 1079 1016 1147 inermum
1048 1082 1159 1147 cretico
1192 1080 1337 1162 dimetro,
1370 1080 1439 1165 qui,
1467 1086 1509 1146 ut
1535 1082 1687 1149 verissime

539 1190 742 1257 Rossbachius
769 1190 790 1257 l.
817 1190 838 1257 l.
864 1213 895 1278 p.
925 1194 986 1258 543
1019 1193 1120 1273 docet,
1152 1191 1271 1258 duobus
1303 1191 1487 1260 ditrochaeis
1520 1195 1687 1280 remandet

539 1302 621 1369 Medi
652 1302 748 1385 igitur
779 1323 874 1387 aeque
906 1304 1059 1390 simplices
1091 1304 1222 1386 fuerint,
1259 1325 1356 1389 aeque
1391 1300 1526 1391 simplex
1564 1306 1687 1373 saltatio.

540 1414 675 1480 chorum
694 1400 765 1480 vero
786 1436 841 1501 per
861 1417 1016 1503 stropham
1038 1417 1229 1483 dextrorsum
1250 1416 1390 1483 saltando
1408 1437 1613 1503 progressum
1632 1439 1689 1497 esse

540 1526 729 1609 crediderim,
752 1549 787 1591 ac
808 1528 1025 1595 subsistentem
1045 1528 1236 1616 paullulum,
1264 1528 1374 1595 deinde
1404 1529 1586 1615 epirrhema
1620 1532 1689 1597 reci·

539 1645 604 1705 tare
625 1644 680 1704 aut
701 1660 808 1705 canere
828 1641 970 1727 coepisse.
1179 1724 1181 1730 Ι
1563 1707 1572 1730 ,
1605 1709 1607 1714 .

624 1751 710 1829 Quod
731 1752 911 1837 epirrhema,
932 1753 1082 1819 trochaico
1103 1755 1283 1840 plerumque
1305 1759 1402 1820 metro
1422 1774 1533 1836 usum,
1561 1778 1688 1845 anapae

538 1869 654 1930 storum
687 1864 816 1947 vestigia
850 1878 1036 1951 quamquam
1068 1868 1151 1933 lente
1182 1866 1303 1952 premit
1361 1866 1417 1931 Est
1448 1868 1541 1951 quasi
1581 1872 1689 1957 epodus

538 1975 688 2062 strophae,
709 1982 831 2063 propter
853 1977 1093 2064 antepirrhema,
1122 1978 1243 2064 opinor,
1266 1983 1396 2043 cantata
1439 1978 1529 2045 Idem
1557 1980 1690 2049 indicare

538 2071 647 2154 Pollux
679 2089 700 2154 l.
728 2089 749 2153 l.
779 2089 914 2156 videbar:
948 2098 989 2175 τῇ
1022 2093 1054 2155 δὲ
1089 2099 1209 2179 στροφῇ
1240 2092 1271 2156 ἐν
1299 2093 1409 2163 κώλοις
1430 2095 1630 2180 aperiebatur]
1661 2096 1690 2160 τὸ

539 2203 689 2290 ἐπίρρημα
711 2203 741 2267 ἐν
765 2204 970 2289 τετραρέτροις
985 2204 1125 2287 ἐπάγεται
1142 2206 1191 2270 καὶ
1207 2208 1262 2289 τῆς
1285 2202 1482 2290 ἀντιστρόφου
1508 2212 1552 2289 τῇ
1576 2215 1690 2294 στροφή

541 2315 749 2400 άντορσθείσης,
770 2316 803 2378 τὸ
826 2316 1030 2402 άντεπίρρηρα
1052 2320 1221 2380 τελευταῖον
1244 2314 1277 2381 ὃν
1300 2321 1355 2400 τῆς
1383 2320 1608 2405 παραβάσεως,
1636 2320 1689 2385 ἐστὶ

539 2429 734 2513 τετράμετρα,
763 2426 819 2491 οὐκ
847 2428 960 2491 ἐλάττω
989 2428 1038 2491 τὸν
1067 2428 1195 2514 ἀριθμὸν
1224 2431 1279 2491 τοῦ
1307 2429 1523 2514 ἐπιρρήματος.
1578 2430 1689 2497 Chorus

539 2537 643 2620 igitur,
665 2544 788 2602 cantata
809 2538 941 2623 stropha,
963 2539 1142 2621 regreditur,
1165 2538 1240 2603 dum
1261 2538 1434 2623 epirrhema
1454 2541 1553 2622 canit,
1574 2543 1612 2608 in
1633 2545 1688 2631 pri·

539 2648 653 2714 stiuam
682 2652 860 2732 stationem3
896 2650 1117 2735 antistropham
1146 2655 1272 2715 cantans
1299 2651 1510 2717 sinistrorsum
1538 2656 1688 2739 progredi·

540 2767 600 2840 tur,
623 2762 726 2828 addito
748 2763 1004 2849 antepirrhemate
1025 2762 1157 2847 pristina
1177 2761 1268 2827 static
1290 2768 1463 2848 occupatur.
1496 2765 1689 2850 Singulnrem

538 2874 686 2938 recitandi
718 2875 930 2962 epirrhematis
956 2875 1081 2940 modum
1107 2875 1265 2960 proposuit
1292 2874 1430 2958 Rngerus
1457 2876 1517 2942 Rh.
1548 2879 1631 2946 Mus
1656 2878 1687 2944 u

542 2986 624 3051 1856
651 3009 681 3073 ρ.
712 2990 772 3054 119
800 3010 844 3073 sq.
889 2988 968 3052 Tota
995 2992 1098 3051 autem
1126 2987 1215 3052 finita
1242 2987 1397 3072 parabasi‚
1430 2987 1557 3057 silentio
1585 2993 1688 3058 chorus

540 3098 579 3163 ad
600 3120 722 3165 scenam
743 3122 776 3165 se
792 3100 949 3166 convertit.
982 3099 1075 3163 Putes
1096 3119 1177 3177 eum,
1199 3103 1361 3184 postquam
1383 3105 1500 3167 actores
1514 3104 1689 3187 prodierunt

437 3216 449 3231 '
540 3217 571 3276 et
591 3220 755 3299 coeperunt
775 3214 868 3277 verba
889 3214 994 3289 facere,
1017 3210 1155 3275 nondum
1176 3230 1209 3274 se
1231 3212 1424 3291 convertisse,
1447 3212 1515 3295 sed,
1546 3214 1625 3282 dum
1645 3236 1688 3279 ac·

539 3329 618 3388 teres
640 3324 674 3389 in
696 3346 788 3390 scene
808 3328 970 3389 versantur
991 3328 1023 3388 et
1044 3322 1269 3407 colloquuntur,
1291 3324 1384 3388 tacite
1405 3325 1444 3389 ad
1466 3325 1591 3411 ordines
1614 3328 1689 3415 prio

539 3456 587 3501 res
608 3436 716 3501 redire.
1488 3469 1499 3478 ·

624 3546 706 3612 ΧΙΠ.
749 3547 909 3614 Parabasis
935 3546 1031 3612 altera
1052 3547 1223 3634 Vesparum
1249 3568 1280 3611 v.
1311 3547 1392 3611 1265
1420 3569 1437 3611 e
1465 3550 1594 3636 stropha
1622 3572 1689 3616 con·

540 3663 609 3740 stat,
632 3659 843 3745 epirrhematc,
865 3660 1130 3744 antepirrhematc.
1165 3659 1313 3744 Reliquae
1334 3664 1437 3744 partes
1451 3659 1574 3741 desunt,
1597 3663 1690 3729 ctiam

540 3771 621 3854 quod
653 3772 772 3838 mireris
805 3772 1003 3858 antistropha.
1062 3772 1122 3837 Sed
1161 3772 1361 3857 parabasibus
1397 3772 1539 3837 secundis
1572 3794 1691 3840 summa

542 3882 664 3948 videtur
684 3883 809 3949 libertas
830 3906 866 3949 ac
887 3884 1013 3949 licentia
1033 3883 1200 3950 obvenisse.
1243 3884 1356 3949 Versus
1377 3889 1451 3949 sunt
1471 3885 1637 3968 trochaici,
1658 3891 1691 3951 ut

543 3995 656 4082 optime
677 3996 879 4062 Rossbachius
900 3997 921 4061 l.
944 3997 964 4060 l.
993 4019 1023 4082 p.
1046 3998 1108 4061 273
1136 3997 1260 4075 statuit,
1287 4017 1350 4061 non
1377 3995 1689 4076 iambico-trochaici,

542 4115 580 4173 ut
605 4106 742 4194 plerique
770 4108 907 4174 editores.
950 4108 1116 4195 Excipiunt
1137 4109 1241 4174 cretici
1262 4130 1368 4174 versus
1389 4108 1455 4173 sive
1475 4110 1634 4194 paeonici,
1656 4109 1690 4174 de

542 4222 655 4307 quibus
677 4221 728 4285 cfr.
751 4221 856 4287 Rossb.
878 4221 900 4285 l.
922 4221 943 4286 l.
964 4243 994 4306 p.
1018 4222 1079 4287 548
1103 4228 1134 4287 et
1154 4222 1230 4305 Eng.
1261 4221 1298 4285 dc
1328 4242 1406 4307 resp.
1428 4242 1458 4305 p.
1481 4220 1510 4285 3.
1554 4221 1689 4309 Respon-

490 4364 496 4373 ·
543 4335 616 4399 dent
636 4333 696 4399 sibi
717 4355 746 4398 v.
773 4334 981 4399 rhos-1283
1003 4341 1034 4398 et
1055 4348 1085 4402 v.
1110 4334 1335 4412 1284—12913
1357 4334 1462 4417 itaque
1483 4337 1553 4417 post
1567 4353 1689 4398 versum

545 4446 626 4510 1283
658 4446 813 4533 stropham
851 4446 997 4511 excidisse
1034 4445 1193 4510 verissime
1214 4446 1353 4532 =lacunae
1385 4444 1473 4528 signo
1511 4443 1689 4511 indicarunt

542 4556 680 4622 editores.
732 4558 892 4624 Parabasis
927 4557 1022 4623 altera
1053 4556 1183 4636 Avium,
1216 4557 1318 4635 Pacis,
1357 4556 1505 4642 Equitum
1544 4562 1687 4640 quattuor
