4484 5467
1028 579 1223 637 ΣΦΗΚΕΣ

836 757 1043 842 ἐπεφλέγμηνε
1066 754 1095 820 δ’
1120 756 1218 850 αὐτοῦ’

837 869 870 931 τὸ
895 868 1007 958 σφυρὸν
1031 869 1172 953 γέροντος
1193 864 1295 945 ὄντος,

837 982 887 1043 καὶ
908 979 976 1066 τάχ’
1003 980 1037 1044 ἂν
1062 965 1253 1067 βοοβιιινιιγίη.

784 1090 804 1175 ἦ
831 1093 890 1175 μὴν
914 1091 992 1156 πολὺ
1016 1090 1193 1176 δριμύτατός
1214 1090 1245 1174 γ’
1270 1090 1308 1175 ἦν
1331 1095 1391 1169 τῶν
1414 1090 1489 1177 παρ’
1514 1092 1597 1175 ἡμῖν,

836 1205 885 1267 καὶ
908 1203 1001 1288 μόνος
1025 1204 1079 1268 οὐκ
1103 1203 1137 1267 ἂν
1161 1202 1304 1278 ἐπείθετ’,

836 1314 899 1379 ἀλλ’
925 1314 1010 1379 enee
1036 1304 1209 1402 ἀντιβολοίη

834 1452 886 1504 τις,
909 1427 1133 1492 κατακύπτων
1158 1428 1192 1492 ἂν
1217 1428 1307 1505 οὕτω,

836 1541 921 1603 λίθον
945 1539 1037 1624 ἕψεις,
1061 1538 1174 1623 ἔλεγεν.

835 1650 927 1735 ὕπαγ’
954 1651 979 1714 ὦ
1003 1656 1060 1714 παῖ
1080 1652 1185 1735 ὕπαγε.

657 1766 718 1826 ἀντ.
784 1766 862 1849 τάχα
885 1763 915 1827 δ’
942 1763 975 1827 ἂν
1000 1764 1047 1826 διὰ
1069 1763 1117 1827 τὸν
1141 1764 1275 1849 χθιζινὸν
1299 1761 1415 1848 ἄνθρω-

783 1898 850 1951 πον,
875 1874 907 1944 ὃς
929 1879 1010 1960 ἡμᾶς
1033 1874 1158 1939 διεδύετ’

835 1988 990 2059 ἐξαπατῶν
1015 2011 1045 2050 τε
1068 1986 1164 2071 λέγων
1187 1986 1220 2050 θ’

835 2100 875 2167 ὡς
898 2097 1099 2182 φιλαθήναιος
1121 2097 1159 2182 ἦν
1183 2100 1233 2162 καὶ

833 2210 884 2273 τάν
909 2208 1006 2293 Σάμῳ
1028 2209 1150 2294 πρῶτος
1172 2201 1331 2285 κατείποι,

575 2527 598 2560 v.
612 2509 669 2561 278.
706 2508 735 2560 ἂν
755 2506 862 2561 ἐπείθετ’
882 2509 912 2559 R.
934 2508 962 2559 V.
982 2509 1008 2561 θ.
1028 2506 1171 2561 ἀνεπείθετο
1189 2506 1220 2561 Β.
1238 2506 1266 2561 Δ.
1286 2508 1316 2561 ἂν
1339 2505 1451 2563 ἐπείθετο
1472 2511 1531 2563 Ald.
1546 2512 1612 2565 lunt.
1628 2512 1690 2565 Rue.

611 2596 693 2656 Berrl.
731 2595 892 2647 Recentiores
914 2610 1000 2648 omnes
1020 2595 1049 2647 ἂν
1068 2593 1186 2648 ἐπείθετ’.
1216 2596 1248 2648 ef.
1267 2596 1340 2647 adv.
1360 2596 1418 2648 269.
1456 2596 1558 2651 Tamen
1575 2599 1691 2652 Dobraeus

611 2679 749 2734 ἀνεπείθετ’
769 2681 881 2733 iunctim.

575 2784 598 2818 ν.
613 2767 670 2820 279.
706 2766 799 2820 ὁπόταν
819 2767 956 2819 BentleiuS.

575 2871 597 2905 v.
612 2853 669 2906 280.
705 2855 768 2908 Post
785 2869 850 2906 vers.
869 2854 995 2907 280011m
1014 2854 1159 2906 Hermanno
1178 2854 1243 2907 addo
1262 2851 1340 2923 ὕπαγ’
1360 2852 1382 2905 ὦ
1399 2859 1446 2906 παῖ
1463 2851 1557 2925 ὕπαγε.

575 2957 598 2991 ν.
612 2940 669 2992 281.
705 2938 821 3013 χθεσινὸν
849 2940 922 2993 codd.
950 2941 1033 3006 vulgo.
1061 2941 1172 2993 correxit
1199 2941 1230 2993 G.
1248 2941 1334 2992 Herm.
1357 2940 1396 2993 El.
1416 2940 1440 2993 d.
1461 2959 1496 2994 m.
1519 2960 1547 3011 p.
1566 2941 1630 3008 504,
1653 2956 1694 2993 ree.

610 3027 684 3078 Dinrl.
704 3028 802 3080 HIrsch.
821 3027 913 3095 Bergk.

644 3111 670 3171 ὅς
688 3113 714 3182 γ’
740 3114 808 3185 ἡμᾶς
827 3112 892 3164 &eeu
914 3111 1089 3172 ’ξαπατθλλιον
1108 3131 1196 3170 -τις
1214 3112 1245 3183 ἦν
1264 3112 1346 3165 BentI.
1366 3143 1400 3151 —
1418 3113 1555 3175 ἐξαπατῶν
1576 3116 1602 3168 τ’
1624 3114 1694 3184 ἔλεγεν

610 3215 715 3268 propon.
734 3200 834 3265 Bergk„
853 3215 903 3251 ιιοιι
921 3199 1043 3266 probatus
1062 3198 1161 3265 Engero
1180 3199 1196 3249 l.
1215 3198 1232 3249 I.

593 3477 614 3511 v.
634 3459 692 3511 277.
713 3459 828 3531 γέροντος
838 3456 921 3515 ὅντοςε
940 3457 970 3509 cf.
986 3456 1094 3509 Acheru.
1146 3457 1249 3529 σπείρεις
1270 3457 1314 3508 καὶ
1330 3457 1362 3508 τὰ
1380 3462 1494 3511 τοιαῦτα.
1532 3459 1614 3513 Plura
1636 3461 1699 3514 affert

541 3546 598 3598 222.
630 3546 704 3597 Mein.
725 3546 795 3626 (θοι.
814 3544 848 3595 ΙΙΙ
866 3560 891 3610 p.
905 3544 962 3595 ele.
1146 3543 1230 3609 Bergl.
1270 3543 1368 3596 Platon.
1395 3543 1473 3611 Eryx.
1502 3561 1528 3613 p.
1547 3547 1602 3601 405
1624 3564 1698 3616 comp.

590 3649 613 3683 v.
633 3631 695 3682 279.
738 3631 810 3681 καίτοι
832 3628 935 3681 αθπτων
960 3628 989 3679 ἂν
1014 3626 1095 3679 οθτωι
1145 3628 1220 3680 Dirrd.

540 3732 584 3783 per
607 3731 634 3768 se
657 3719 776 3783 apparet,
801 3716 905 3767 chorum
927 3715 1096 3767 Philocleonis
1198 3732 1220 3765 v.
1241 3716 1298 3768 233.
1329 3712 1509 3787 φιλαθήναιος
1524 3718 1557 3771 de
1567 3720 1700 3786 penultirm

539 3805 638 3868 gestum
663 3817 718 3852 esse
735 3801 870 3853 imitatum.
897 3800 986 3869 Capite
1013 3804 1096 3853 autem
1147 3805 1264 3869 correpta
1290 3801 1322 3854 ef.
1352 3803 1417 3855 Rois.
1443 3802 1519 3855 (Ioni.¹
1544 3821 1585 3872 pr.
1608 3805 1699 3870 XXIII,

539 3888 581 3939 ille
591 3887 700 3939 demisso
716 3903 758 3938 reo
770 3887 948 3956 respondebat,
967 3904 997 3939 ne
1011 3887 1096 3939 oculos
1148 3888 1233 3939 Herm.
1259 3888 1296 3939 EI.
1322 3888 1345 3940 d.
1364 3904 1397 3939 m.
1422 3905 1447 3955 p.
1466 3889 1515 3953 51;
1539 3892 1618 3945 Mein.
1636 3891 1699 3946 Οοιιι

539 3975 593 4025 eius
610 3974 756 4041 vultumque
772 3973 912 4040 supplicem
930 3973 1096 4041 conspiceret.
1147 3974 1168 4024 II
1188 3991 1212 4040 p.
1223 3973 1281 4026 372.
1318 3975 1355 4026 [λε
1374 3975 1556 4029 coniunctione
1575 3979 1701 4032 modorum

539 4060 570 4111 ef.
591 4059 657 4111 Reis.
677 4060 749 4127 San.
769 4076 802 4111 er.
820 4077 845 4128 p.
865 4058 906 4110 ⁴23.
1148 4060 1217 4111 Pers,
1238 4059 1296 4112 Eur.
1314 4060 1408 4113 Phoen.
1429 4061 1469 4113 91.

590 4163 613 4197 ν.
633 4145 691 4198 280.
727 4143 798 4198 λίθον
826 4146 907 4217 ἐψειςι
941 4147 1019 4198 schol.
1047 4163 1093 4196 πα·
1198 4163 1221 4197 ι.
1240 4145 1298 4197 233.
1344 4147 1390 4198 τοίν
1422 4143 1519 4218 Σάμιοι
1564 4150 1646 4204 schol.
1673 4149 1702 4202 τὰ

539 4232 623 4304 ροιμία
641 4232 704 4284 ἐστὶν
718 4232 820 4285 ἐπὶτῶν
834 4232 966 4285 ἀδυνάτων
980 4228 1094 4302 γενέσθαι
1144 4233 1199 4304 περὶ
1217 4228 1303 4300 Σάμον
1324 4229 1358 4284 ιθ’
1386 4232 1434 4285 ἔτει
1458 4235 1583 4307 πρότερον
1609 4235 1648 4289 ἐπὶ
1664 4233 1701 4289 Τι-

538 4318 566 4370 τὸ
586 4315 656 4370 λίθον
675 4319 749 4390 ἕψεις,
769 4318 805 4377 ὡς
818 4319 902 4372 καὶτὸ
914 4314 1018 4371 πλίνθον
1033 4315 1094 4369 πλθ-
1146 4319 1270 4386 μοιιλέοος
1288 4319 1373 4389 γέγονε
1389 4320 1433 4371 καὶ
1451 4319 1490 4372 ἐπὶ
1508 4326 1554 4373 τοῦ
1575 4321 1635 4393 ἐξῆς
1651 4319 1701 4376 Μο·

537 4424 586 4463 νεις
608 4406 689 4469 (νίζεις
707 4406 844 4469 Theocrit.)
867 4406 911 4456 καὶ
928 4402 1022 4476 χύτραν
1041 4421 1093 4454 ποι·
1145 4405 1256 4477 ρυγίδοο,
1281 4405 1319 4457 01.
1344 4405 1421 4468 84‚4
1444 4409 1470 4458 et
1494 4406 1534 4459 01.
1553 4406 1603 4473 85,
1633 4410 1654 4461 l.
1672 4408 1701 4462 cI.

537 4490 629 4549 κίλλεις
658 4492 701 4543 καὶ
724 4493 757 4551 είς
779 4489 847 4564 ὕδωρ
870 4492 972 4564 γράφεις
989 4491 1032 4542 καὶ
1051 4487 1093 4542 AI·
1145 4490 1220 4543 Olim.
1244 4492 1312 4543 Fast.
1336 4491 1434 4542 Hellen.
1459 4492 1542 4561 Krrig.
1582 4495 1643 4548 Non
1659 4495 1702 4548 Ga·

539 4575 614 4629 θίοπα
637 4576 773 4635 λεοκαίνεις
801 4578 844 4629 παλ
871 4577 938 4629 κατὰ
964 4574 1093 4649 θαλάττης
1143 4578 1282 4644 rystionem
1298 4578 1530 4645 nuncpoetadicit,
1543 4598 1622 4649 quem
1634 4582 1702 4637 seho-
