4484 5467
747 664 791 717 DE
810 663 968 727 TEMPORE
986 664 1144 718 nauvias
1162 664 1347 719 vusrnuvu
1365 664 1477 718 Aaron
1655 665 1695 729 27

650 826 653 834 ¹
767 836 987 924 Ἀριστοφάνης
1007 837 1168 923 Προάγωνι
1190 862 1238 924 πρ.

814 949 915 1035 ὑπεκρ.
939 950 1111 1034 Φιλωνίδης
1129 952 1133 960 ’

771 1158 895 1235 Λεύκων
920 1170 1065 1259 Πρέσβεσι
1088 1195 1131 1256 τρ.
1187 1175 1189 1177 ’

813 1284 914 1369 inexp.
938 1330 966 1347 ..
983 1330 1012 1346 ..

729 1391 766 1455 ll.
913 1393 964 1459 Ἐν
988 1393 1070 1484 ἄστει

815 1508 863 1569 ἐπὶ
885 1507 1032 1593 ἄρχοντος
1051 1506 1207 1592 Ἀμεινίου

769 1615 990 1704 Ἀριστοφάνης
1012 1618 1110 1705 Σφηξί
1120 1616 1145 1719 i¹

815 1730 916 1815 ὑπεκρ.
941 1731 1121 1815 Φιλωνίδης.

535 1838 627 1902 Num
648 1839 755 1904 vicerit
777 1842 918 1906 Comicus
940 1842 1065 1927 Vespis,
1089 1842 1224 1920 dubites,
1247 1863 1433 1928 quamquam
1455 1843 1534 1907 illud
1558 1841 1581 1931 β
1605 1843 1643 1928 ἦν
1666 1844 1700 1909 in

537 1956 723 2033 argumento
745 1958 847 2018 nostro
869 1954 949 2018 nihil
970 1954 1066 2034 ualet3
1094 1953 1239 2040 librarius
1262 1960 1364 2018 autem
1387 1955 1516 2039 aliquis,
1539 1963 1700 2040 postquam

537 2064 714 2145 fragmenta
735 2065 865 2129 conflata
886 2070 975 2146 sunt,
1004 2070 1101 2150 quum
1124 2066 1236 2148 legeret
1262 2072 1383 2152 πρῶτος
1405 2068 1487 2131 ἐνίκα
1510 2072 1582 2144 κτλ,
1612 2066 1652 2130 ad
1675 2065 1697 2155 β’

539 2175 696 2239 addiderit
717 2176 772 2262 ἦν,
795 2176 832 2239 de
853 2177 1004 2261 praemio,
1032 2199 1093 2242 non
1116 2178 1154 2241 de
1176 2198 1256 2242 anno
1278 2158 1424 2261 cogitans.
1468 2180 1534 2243 lam
1555 2178 1701 2243 membris

541 2288 590 2351 ita
618 2287 777 2373 discerptis
805 2288 918 2373 optime
945 2288 1018 2354 lieet
1045 2289 1101 2353 uti.
1145 2289 1334 2373 Prcagonem
1360 2290 1464 2376 paullo
1492 2295 1563 2355 ante
1585 2289 1701 2376 Vespas

543 2398 666 2463 doctam
688 2418 753 2464 esse
776 2399 963 2465 vel'Comioi
984 2402 1078 2466 verba
1098 2401 1248 2484 indicant,
1270 2402 1361 2488 Vesp.
1385 2404 1442 2468 60:
1465 2424 1562 2488 quum
1583 2407 1701 2487 specta·

543 2518 627 2576 tores
649 2517 749 2595 rogat,
772 2532 811 2575 ne
834 2511 927 2577 nimis
949 2513 1024 2598 quid
1045 2514 1151 2597 magni
1173 2519 1364 2599 exspectent,
1386 2515 1476 2580 modo
1494 2537 1536 2580 ne
1558 2516 1623 2581 sint
1643 2516 1701 2581 ioci

542 2624 690 2706 Megarici
711 2645 788 2688 neve
810 2624 864 2688 alii
886 2624 924 2688 ab
946 2625 1013 2710 ipso
1034 2626 1096 2690 iam
1118 2627 1205 2711 prius
1226 2628 1380 2713 producti:

753 2735 819 2801 οὔθ’
840 2736 997 2823 Ἡρακλῆς
1017 2739 1050 2801 τὸ
1074 2740 1193 2803 δεῖπνον
1217 2741 1456 2826 ἐξαπατώμενος,
1589 2741 1591 2752 ’

754 2847 816 2913 οὐδ’
842 2845 930 2918 αὖθις
952 2832 1242 2935 ἀνασελγαινόμενος
1263 2849 1437 2937 Εὐριπίδης,

642 3034 643 3038 ¹
754 2957 815 3024 οὐδ’
840 2961 866 3023 εἰ
886 2958 994 3025 Κλέων
1016 2959 1042 3044 γ’
1068 2959 1189 3047 ἔλαμψε
1209 2966 1265 3045 τῆς
1285 2964 1379 3049 τύχης
1399 2944 1497 3049 χάριν,

745 3052 841 3143 Ιαὖθις
863 3068 912 3137 τὸν
936 3071 1026 3137 αὐτὸν
1049 3072 1143 3159 ἄνδρα
1169 3074 1424 3161 μυττωτεύσομεν.

542 3186 677 3249 Versum
700 3185 742 3248 60
764 3182 803 3247 ad
825 3183 1021 3248 Daetalenses
1044 3183 1238 3276 referendum
1265 3205 1345 3267 csse,
1373 3186 1523 3269 Bergkius
1545 3187 1702 3272 aptissime

543 3296 711 3361 iudicavit:
733 3318 763 3360 ν.
779 3295 872 3360 Mein.
896 3295 1161 3378 ccm.11,‘1026;
1183 3301 1344 3380 sequentes
1366 3297 1530 3362 scholiasta
1544 3298 1620 3362 Ven.
1643 3298 1703 3362 Ve-

544 3429 673 3495 sparum
687 3408 762 3472 satis
779 3408 921 3494 explicat,
944 3408 1283 3495 Thesmophoriazusas,
1306 3431 1383 3494 quas
1403 3410 1495 3474 tertio
1517 3394 1581 3475 loco
1603 3410 1703 3475 nomi-

545 3542 623 3586 nare
645 3520 787 3599 debebat,
820 3520 1050 3602 Acharnenses,
1079 3521 1282 3605 Proagonem,
1311 3521 1423 3606 quibus
1445 3508 1608 3607 Euripides
1635 3544 1704 3608 per-

546 3633 764 3716 stringeretur,
793 3631 954 3696 afferendo.
998 3631 1120 3702 Cleonis
1142 3632 1288 3717 denique,
1317 3634 1370 3719 qui
1392 3634 1426 3698 in
1448 3633 1612 3698 Thraciam
1633 3654 1704 3698 oum

547 3744 685 3810 exercitu
713 3750 782 3830 post
808 3744 948 3809 inducias
977 3745 1080 3809 finitas
1108 3747 1298 3830 profecturus
1326 3752 1391 3811 erat
1418 3745 1571 3829 (Thucyd.
1599 3746 1641 3828 V,
1672 3746 1705 3830 1)

546 3877 720 3940 novamque
742 3856 802 3921 sibi
824 3856 952 3939 gloriam
973 3856 1126 3921 Fortunae
1147 3859 1249 3921 lavore
1269 3863 1434 3942 paraturus
1456 3858 1569 3941 (scholr
1593 3860 1635 3928 ὡς
1649 3862 1703 3920 τοῦ

546 3970 693 4040 Κλέωνος
715 3970 774 4034 ἀπὸ
798 3971 950 4053 δυσμενῶν
979 3968 1220 4055 ἐκλάμψαντος),
1249 3968 1364 4033 mentio
1387 3969 1422 4033 lit
1444 3968 1705 4046 commodissima3

546 4103 627 4167 quae
643 4080 772 4144 Irenaeis
795 4079 990 4156 induciarum
1016 4085 1153 4165 tempore
1175 4080 1300 4145 omnino
1322 4100 1385 4145 non
1406 4081 1515 4145 fuisset
1537 4080 1704 4146 commoda.
1831 4116 1833 4120 .

545 4195 705 4259 Postremo
725 4190 809 4256 haud
831 4192 919 4277 parvi
941 4191 1081 4257 faciende
1101 4199 1176 4257 sunt
1197 4192 1280 4257 chori
1301 4192 1396 4257 verba
1417 4214 1446 4257 ν.
1470 4194 1549 4257 264:

592 4310 685 4370 δεῖται
707 4305 742 4369 δὲ
763 4306 813 4369 καὶ
833 4306 1074 4393 τῶνρκαρπίμων
1099 4307 1172 4370 άττα
1196 4308 1238 4391 μή
1259 4304 1316 4368 ’στι
1339 4310 1428 4390 πρῷα

593 4418 676 4503 ὕδωρ
698 4417 838 4501 γενέσθαι
860 4419 1059 4497 κάπιπνεῦσαι
1083 4418 1199 4505 βόρειον
1223 4417 1340 4488 αὐτοῖςτ

551 4530 666 4616 quippe
678 4534 800 4614 tempus
811 4550 951 4611 vernum,
966 4529 988 4593 i.
1001 4530 1027 4593 e'.
1040 4529 1229 4595 liberalium
1239 4550 1421 4613 magnorum
1432 4528 1548 4615 liquide
1559 4528 1707 4613 indicant,

553 4667 610 4713 nec
631 4647 761 4730 possunt
780 4648 916 4733 ternpore
931 4642 1075 4727 brumali,
1097 4643 1118 4707 i.
1135 4663 1161 4707 ο.
1176 4642 1376 4722 Lenaeorum‚
1396 4648 1467 4731 apta
1487 4641 1614 4709 recitata
1632 4664 1707 4727 esse.
