4484 5467
1004 638 1203 702 ΣΦΗΚΕΣ
1617 643 1678 707 395

676 810 716 880 ἵν’
740 812 791 901 ἐφ’
815 815 946 903 ἡσυχίας
968 816 1058 901 ἡμῶν
1081 814 1213 902 πρόσθεν
1236 813 1447 903 βεμβικίζωσιν
1470 814 1604 885 ἑαυτούς.

679 924 730 1012 ἄγ’
756 926 780 990 ὦ
806 930 1009 1013 μεγαλώνυμα
1032 928 1120 994 τέκνα
1142 931 1196 993 τοῦ
1220 927 1411 1006 θαλασσίοιο,
1576 950 1637 1013 στρ.

549 1042 601 1108 1520
729 1042 843 1126 πηδᾶτε
864 1039 945 1126 παρὰ
968 1039 1115 1125 ψάμαθον

677 1154 728 1218 καί
748 1151 808 1217 θῖν’
832 1153 905 1225 ἁλὸς
928 1151 1113 1238 ἀτρυγέτοιο,
1136 1151 1268 1239 καρίδων
1291 1151 1432 1235 ἀδελφοί·

678 1265 772 1357 ταχὺν
794 1265 874 1335 πόδα
894 1268 1118 1356 κυκλοσοβεῖτε,
1141 1266 1191 1331 καί
1211 1266 1244 1329 τδ
1268 1263 1445 1351 Φρυνίχειον
1577 1263 1637 1327 οὶντ.

562 1528 588 1574 V·
601 1520 669 1579 1517.
704 1521 868 1595 βαβιγκίίωσιν
901 1522 960 1578 Ald.
992 1522 1058 1578 qut.
1086 1522 1160 1577 1540.
1208 1520 1391 1593 βεμβιριίζωσιν
1419 1519 1488 1575 Crat.
1517 1520 1583 1576 lunt.
1607 1520 1681 1576 Kust.

597 1606 716 1681 βιμβικίζ.
733 1610 764 1668 R.
782 1608 814 1662 V.
832 1608 903 1662 Suid.
922 1608 1026 1682 βίμβιγξ.

559 1701 589 1747 V.
600 1695 669 1751 1519.
705 1692 828 1749 θαλασίου
845 1693 877 1748 V.
896 1710 946 1749 seo.
965 1695 1027 1751 Gob.
1044 1692 1183 1750 θαλασσίου
1202 1695 1286 1766 uulgo.
1323 1691 1467 1750 θαλασσίοιο
1485 1696 1561 1750 Diud.
1574 1695 1605 1748 G.
1618 1695 1682 1748 Bur·

598 1784 692 1849 gesius,
709 1783 754 1851 qui
771 1797 823 1835 non
839 1782 932 1848 multa,
949 1782 1017 1852 quod
1034 1785 1145 1848 mireris,
1163 1784 1284 1847 mutarit,
1301 1786 1386 1836 tamen
1405 1798 1493 1836 uersus
1510 1798 1615 1852 prorsus
1633 1782 1684 1834 dis-

598 1868 653 1923 iecit
678 1869 875 1939 rhythmumque
906 1869 999 1923 delevit
1027 1872 1138 1940 penitus.
1177 1870 1255 1921 Plura
1283 1868 1402 1922 llotibius
1436 1886 1463 1938 p.
1493 1868 1541 1921 112
1568 1869 1683 1931 mutavit,

598 1958 674 2010 metro
690 1970 743 2009 non
760 1955 823 2008 satis
834 1959 978 2024 perspecto.
1007 1956 1131 2027 Equidem
1143 1955 1301 2009 Diudorfium
1318 1956 1409 2009 melius
1426 1955 1520 2009 uidisse
1538 1969 1637 2009 censeo.
1651 1982 1684 1993 -

629 2039 767 2096 θαλασσίου
785 2037 845 2096 θεοῦ
863 2042 954 2111 Bergk.

558 2133 590 2179 ν.
602 2127 671 2181 1521.
708 2128 852 2200 ἀτρυγέτοιο
870 2129 955 2197 uulgo.
974 2128 1109 2202 ἀτρυγέτου
1127 2127 1203 2181 Dind.
1221 2131 1309 2182 contra
1328 2133 1444 2183 metrum.

563 2222 591 2266 Ὺ.
603 2213 672 2270 1523.
708 2213 770 2270 πόδ’
789 2214 814 2268 ἐν
832 2214 921 2288 κυκλῷ
940 2214 1035 2287 σοβεῖτε
1051 2216 1135 2288 urigo.
1154 2212 1220 2270 πόδα
1236 2213 1414 2285 κυκλοσοβεῖτε
1430 2212 1506 2269 Dind.
1524 2229 1572 2268 rec.
1592 2213 1683 2284 Bergk.

585 2417 604 2455 ν.
622 2403 696 2457 1517.
736 2402 925 2475 βεμβικίζωσινκ
947 2406 1026 2460 schol.
1048 2407 1079 2460 R.
1130 2406 1207 2461 τέκνα
1230 2420 1330 2476 quoque
1343 2404 1434 2485 prima
1459 2404 1585 2473 producta
1607 2406 1686 2458 utitur

478 2465 688 2559 'ttpiepouu
711 2488 744 2544 V.
762 2489 945 2564 διακινήσωσιν.
966 2490 1003 2551 ὡς
1020 2510 1081 2564 καρ-
1131 2494 1286 2563 tragicorum
1309 2506 1386 2544 more.
1422 2489 1461 2545 cf.
1478 2489 1600 2545 Fritzsch.
1622 2490 1687 2545 Dae·

474 2549 606 2634 ²'dstote
631 2575 657 2627 te
681 2574 695 2628 ὁ
722 2576 799 2649 χόρος
825 2576 910 2636 αθτοῖς
937 2575 1081 2647 διαλέγεται.
1132 2580 1176 2632 tal
1195 2596 1221 2647 p.
1241 2578 1297 2632 129.

470 2620 670 2729 Βἓμβικιαῖν,
702 2664 810 2716 turbinis
840 2664 922 2715 instar
948 2664 1083 2717 circumro-
1186 2683 1210 2718 ν.
1232 2663 1305 2718 1519.
1340 2659 1556 2728 obiiciendum,
1575 2664 1688 2719 utPlato

468 2711 588 2811 t'‘lri
604 2745 652 2799 Αν.
672 2747 751 2813 1465,
774 2746 861 2817 βέμβιξ
878 2748 939 2801 ibid.
958 2749 1032 2802 1460.
1051 2750 1084 2803 62
1135 2751 1247 2804 comicus
1270 2767 1312 2818 ap.
1334 2749 1413 2803 schol.
1435 2750 1497 2803 Pac.
1521 2749 1579 2802 792.
1617 2745 1691 2803 Ξενο·

472 2814 667 2886 Qvernem.
679 2832 753 2887 1530.
766 2834 797 2886 u.
811 2833 1085 2891 solonitanum.
1135 2835 1201 2905 use
1219 2834 1246 2887 ee
1269 2834 1485 2907 οωοεκαμγχανος
1507 2834 1511 2901 ι
1531 2833 1545 2887 υ
1563 2832 1691 2906 Καρκίνου

474 2886 590 2971 Qud.
615 2919 727 2987 Hesych.
751 2919 821 2973 Suid.
847 2936 867 2974 s.
891 2937 915 2972 v.
939 2919 1033 2989 βέμβιξ.
1052 2950 1086 2960 -
1135 2927 1194 2980 παῖς
1210 2923 1256 2973 τοῖν
1274 2916 1421 2973 θαλαττίου.
1456 2920 1530 2983 Quod
1552 2936 1693 2990 cognomen

472 2966 585 3056 1{am
612 3008 689 3074 putes
719 3004 859 3059 Carcinites
885 3005 955 3059 solos
984 3007 1086 3072 saltare,
1136 3007 1237 3060 amala
1253 3006 1335 3075 ipsium
1353 3004 1426 3073 poesi
1444 3021 1477 3057 an
1494 3008 1625 3059 anomine
1644 3009 1693 3060 ori-

479 3071 592 3143 ‘lum
600 3089 693 3144 chorus
702 3091 779 3144 breue
792 3092 1001 3161 antistrophioum
1011 3093 1088 3158 canit,
1137 3094 1222 3161 ginem
1240 3092 1342 3145 duxerit
1359 3090 1463 3143 dubium
1481 3094 1528 3143 est.
1564 3090 1601 3143 Cf.
1619 3093 1694 3146 Mein.

481 3169 599 3229 Quos
615 3192 707 3245 parare
725 3177 884 3230 saltationem
902 3180 1021 3246 motuque
1034 3192 1088 3231 cor·
1137 3178 1166 3233 c.
1189 3178 1213 3231 11
1240 3194 1265 3245 p.
1291 3177 1349 3229 662.
1385 3175 1438 3229 Sed
1463 3191 1528 3244 quae
1554 3183 1695 3245 sequuntur

487 3254 600 3316 boris
618 3262 673 3314 eius
692 3264 803 3330 speeiem
823 3262 945 3317 indicare.
981 3262 1087 3318 Cantieo
1139 3261 1273 3336 ψάμαθον,
1296 3258 1356 3315 θῖνα
1378 3264 1453 3330 (quae
1473 3262 1562 3315 itidem
1579 3266 1605 3315 et
1622 3264 1695 3330 epioa

492 3343 579 3399 Quo
604 3348 697 3401 chorus
719 3349 865 3417 rhythmum
887 3348 1011 3401 ostendit=
1038 3364 1089 3401 me·
1139 3353 1165 3402 et
1179 3349 1276 3417 tragica
1287 3348 1365 3402 rerba
1377 3350 1454 3411 sunt),
1466 3347 1585 3420 καρίδων,
1603 3362 1695 3400 nomen

498 3424 601 3486 ffirum
623 3434 931 3502 dactylico-trochaicum
956 3434 1024 3487 idem
1051 3436 1091 3486 est
1141 3435 1303 3502 potissimum
1329 3433 1486 3502 formamque
1517 3433 1612 3487 nomini
1639 3449 1698 3487 oon·

508 3522 610 3587 &tque
636 3519 664 3571 in
687 3519 803 3572 versibus
830 3535 889 3571 mox
915 3520 981 3572 κατὰ
1005 3520 1090 3593 στίχον
1143 3520 1287 3572 uenientem
1304 3519 1414 3572 derideri
1431 3520 1576 3573 ostendunt.

512 3606 656 3668 mactatis,
681 3620 761 3672 eoquo
784 3608 883 3657 tautum
906 3605 1002 3669 differt,
1025 3605 1094 3673 quod
1196 3603 1314 3658 ν.1522.
1349 3604 1474 3677 καρίδωνι
1497 3606 1597 3674 squilla,
1615 3607 1700 3660 cancri

517 3690 605 3757 lnior
621 3704 711 3743 versus
728 3704 789 3758 pars
810 3690 849 3742 bis
866 3690 933 3742 binis
950 3690 1014 3744 locis
1026 3692 1093 3745 caui·
1145 3692 1184 3743 est
1205 3690 1317 3758 species,
1340 3692 1413 3744 ouius
1437 3693 1527 3744 comici
1552 3692 1701 3759 saepissime

524 3776 585 3828 tur.
620 3776 659 3828 Dc
682 3779 764 3829 metro
786 3776 837 3829 rid.
854 3776 992 3843 Hephaest.
1016 3795 1041 3845 p.
1060 3776 1094 3829 83
1145 3776 1327 3828 meminerunt:
1363 3777 1396 3829 cl.
1432 3780 1461 3829 ut
1496 3778 1559 3830 alios
1595 3779 1701 3841 mittam,

529 3873 592 3930 sqq.
618 3860 711 3927 Bergk.
739 3862 794 3914 Rel.
821 3861 849 3914 G.
872 3879 898 3929 p.
923 3860 964 3913 46.
1000 3862 1092 3915 Rossb.
1146 3860 1238 3914 Athen.
1256 3860 1334 3930 1le.
1355 3861 1404 3915 105
1426 3879 1449 3915 ο.
1467 3879 1523 3931 sqq.
1557 3865 1702 3932 l'surpatur

528 3941 608 3999 distr.
636 3963 662 4014 p.
680 3945 731 3999 358
749 3962 787 4014 sq.
823 3947 888 3999 Sunt
914 3962 973 4000 vero
997 3947 1094 4020 πηδᾶτε
1144 3947 1222 4000 etiam
1238 3946 1341 4018 καρῖδος
1358 3948 1444 4000 media
1461 3948 1593 4016 producta.
1625 3949 1699 4012 Quod

536 4032 606 4104 παρὰ
615 4029 736 4102 ψάμαθον
747 4035 771 4084 et
781 4031 956 4086 ἐκλακτισάτω
968 4052 1005 4094 τις
1017 4033 1094 4099 ὅπως,
1145 4032 1258 4104 καρκίνοι
1268 4032 1379 4103 καρίδων
1392 4033 1496 4106 ἀδελφοί
1507 4039 1638 4098 uocantur,
1652 4049 1702 4085 non

542 4116 689 4188 interposita
706 4118 773 4171 binis
791 4120 907 4171 uersibus
924 4120 1040 4188 integris.
1147 4118 1256 4186 amplius
1273 4123 1332 4186 eget
1349 4120 1527 4187 explicatione.

590 4222 615 4258 ν.
643 4204 718 4259 1518.
754 4204 941 4274 μεγαλώνυμαι
968 4221 1020 4259 uox
1045 4209 1096 4259 tra·
1199 4221 1223 4259 ν.
1243 4204 1318 4259 1523.
1358 4204 1536 4274 κυκλοσοβεῖτε
1555 4226 1591 4249 =
1610 4205 1635 4256 ἐν
1661 4203 1704 4257 κθ-

427 4356 434 4369 .
544 4290 612 4355 poa,
638 4290 769 4343 saltationi
793 4291 905 4358 tragicae
935 4291 1096 4346 couveniens.
1148 4290 1203 4361 κλιρ
1216 4290 1318 4360 σοβιῖτε.
1336 4290 1416 4359 σοβεῖν
1430 4306 1507 4359 supra
1519 4309 1542 4344 ν.
1556 4290 1604 4343 211
1617 4294 1644 4342 et
1656 4291 1703 4343 Ar.

545 4374 630 4444 ltaque
653 4376 755 4428 Thesm.
774 4376 824 4429 315
848 4378 875 4430 in
893 4378 963 4431 chori
986 4378 1097 4431 carmine
1148 4376 1191 4429 34.
1209 4378 1326 4446 superest
1337 4376 1413 4429 etiam
1425 4377 1452 4428 in
1463 4376 1554 4442 fragm.
1567 4392 1639 4439 com,
1653 4375 1703 4429 vid.

545 4460 633 4515 indolis
663 4462 774 4530 tragicae
801 4466 954 4530 usurpatur;
986 4465 1047 4516 item
1072 4464 1099 4517 in
1148 4462 1203 4515 lnd.
1227 4461 1333 4530 Syllaba
1354 4478 1387 4514 κυ
1410 4462 1487 4531 longa
1510 4463 1561 4524 est,
1583 4463 1612 4512 ut
1633 4480 1660 4512 τε
1677 4462 1704 4514 in

547 4548 648 4617 stropha
660 4547 793 4616 parabasis
806 4549 917 4601 Nubium
929 4566 953 4602 ν.
963 4549 1021 4614 569,
1034 4566 1099 4617 quae
1148 4548 1233 4600 τέκνα.

548 4633 650 4689 eandem
677 4633 788 4688 indolem
824 4634 907 4688 habet.
960 4635 1100 4704 Propterea
1201 4649 1225 4686 ν.
1240 4632 1313 4688 1524.
1348 4632 1433 4687 καὶτὸ
1445 4629 1607 4706 Φρυνίχειονι
1625 4633 1703 4688 schol.
