4484 5467
647 625 691 678 DE
709 623 879 693 IVDIGIBVS
897 624 1154 680 nuuuuluuslvu
1172 624 1351 690 uossvsovu
1368 626 1595 682 IVDIOIALIBVS
1656 629 1697 695 93

535 820 621 864 num
642 797 810 881 imaginem
832 817 893 878 non
915 796 1113 882 expressisse,
1142 797 1237 861 immo
1265 797 1398 864 noluisse
1420 799 1604 884 exprimere,
1627 820 1699 864 eou-

541 916 729 976 sentaneum
751 915 812 974 est:
834 929 942 996 nempe
965 907 1203 996 supersedebant
1217 931 1250 988 re
1264 909 1434 975 notissima.
1478 910 1583 995 Neque
1605 911 1700 977 etiam

539 1028 676 1087 oratores
703 1020 917 1108 suppeditant,
949 1019 1029 1104 qued
1057 1020 1203 1101 sufficiat3
1231 1022 1383 1106 aquibus
1405 1043 1565 1087 causarum
1589 1043 1700 1106 genera

540 1134 659 1226 diseas,
686 1154 754 1214 ¹non
786 1133 917 1198 formam
949 1131 1132 1198 iudiciorum
1166 1134 1357 1219 speciemque
1390 1140 1562 1214 externam,
1599 1156 1698 1219 neque

539 1247 685 1312 iudicum
712 1265 875 1312 numerum
903 1243 1119 1338 habitumque,
1148 1266 1247 1331 neque
1274 1252 1395 1332 tempus
1424 1266 1531 1311 causae
1553 1246 1697 1330 agendae.

541 1359 632 1424 Vnus
655 1363 749 1424 restat
763 1377 839 1422 eum
861 1352 989 1440 reliquis
1008 1355 1121 1440 poetis,
1149 1377 1279 1441 quorum
1300 1356 1431 1422 frustula
1452 1357 1512 1422 hue
1532 1358 1697 1443 pertinent,

541 1470 780 1553 Aristophanes,
814 1489 851 1531 ex
884 1468 971 1531 euius
1004 1466 1131 1533 ioculari
1160 1468 1344 1534 iudiciorum
1376 1468 1547 1534 imitatione
1580 1469 1698 1555 aliquid

541 1582 622 1647 lueis
651 1580 794 1665 affulgeat
822 1580 867 1643 rei
884 1580 1136 1664 obscurissimae.
1180 1581 1241 1657 Qui
1261 1580 1386 1666 quidem
1408 1580 1470 1645 nisi
1491 1602 1596 1646 veram
1616 1580 1697 1645 iudi-

541 1696 667 1792 ciorum¹
694 1693 822 1784 formam
858 1690 997 1756 imitatus
1030 1698 1125 1771 esset,
1142 1697 1191 1771 jut
1218 1714 1309 1758 eausa
1336 1692 1475 1776 legitima
1504 1699 1535 1757 et
1556 1693 1698 1758 omnibus

541 1806 635 1870 rebus
667 1804 802 1890 perfecta
834 1809 1035 1890 spectaretur,
1076 1805 1174 1870 risum
1207 1825 1269 1870 non
1304 1805 1449 1870 movisset
1482 1810 1697 1892 spectatorum.

540 1919 651 2002 ltaque
673 1937 711 1980 ex
732 1916 789 1981 hae
811 1916 878 2002 ipsa
900 1936 1000 1996 eausa,
1023 1921 1059 1981 ut
1080 1916 1125 1981 ita
1147 1915 1257 1998 dieam,
1279 1917 1399 1999 eanina,
1421 1938 1460 1981 ex
1480 1923 1545 1981 teta
1566 1917 1698 2004 denique
1738 1941 1742 1952 ¹

538 2030 713 2115 Vesperum
727 2027 832 2092 fabula
847 2027 1013 2111 imaginem
1035 2028 1080 2092 rei
1101 2027 1288 2108 iudiciariae,
1311 2049 1388 2113 quae
1411 2029 1476 2094 veri
1498 2044 1697 2119 nouprorsus

542 2140 703 2205 dissimilis
725 2140 775 2218 sit,
798 2140 914 2203 efficere
937 2139 1081 2221 conabor,
1105 2140 1225 2205 omissis
1246 2140 1324 2220 illis,
1347 2162 1425 2225 quae
1448 2140 1485 2205 de
1507 2140 1646 2207 iudicum
1668 2148 1699 2205 et

542 2274 708 2320 causarum
737 2235 898 2352 generibus
927 2252 1023 2335 deque
1052 2252 1222 2318 actionibus
1249 2253 1325 2339 ipsis
1346 2274 1444 2338 quum
1465 2252 1698 2337 diligentissime

542 2363 850 2430 aSehoemannoet
836 2361 1027 2445 tMeiero,t
1028 2385 1082 2428 um
1104 2364 1142 2430 ab
1164 2364 1233 2429 aliis
1255 2366 1394 2452 exposita
1414 2370 1495 2434 sunt.
1538 2365 1605 2429 Iam
1626 2365 1698 2430 Ari·

539 2476 691 2570 stophane
718 2476 912 2568 potissimum
941 2474 1017 2560 duee
1043 2477 1178 2562 primum
1206 2475 1244 2541 de
1271 2477 1439 2557 iudicibus,
1466 2459 1534 2543 turn
1556 2477 1593 2541 de
1615 2478 1697 2580 feris,

539 2588 653 2654 deinde
675 2588 712 2676 de
733 2588 867 2661 fororum
888 2588 1042 2673 partibus,
1065 2589 1196 2674 denique
1218 2590 1255 2654 de
1277 2591 1368 2655 rebus
1389 2589 1600 2670 iudicialibus,
1628 2590 1697 2674 qui-

539 2702 602 2786 bus
629 2667 746 2801 iddiees
772 2701 822 2766 usi
849 2707 937 2783 sunt,
965 2708 1033 2786 post
1034 2722 1117 2780 remo
1146 2702 1183 2766 de
1205 2702 1269 2767 loeo
1290 2702 1344 2767 illo
1366 2702 1580 2812 Aristophanis
1607 2701 1697 2787 Vesp.

540 2789 609 2879 805
628 2833 695 2898 sqq
719 2794 817 2906 agam.

628 2924 667 2989 II.
687 2923 768 3018 Seu¹
787 2923 874 3002 milia
896 2925 1034 2990 iudicum
1056 2924 1129 3010 (τῶν
1153 2928 1311 3008 δικαστῶν,
1341 2930 1401 2990 τῶν
1424 2927 1594 3011 ἡλιαστῶν,
1623 2945 1700 2989 non-

539 3058 706 3124 nunquam
729 3037 822 3102 etiam
844 3042 903 3102 τῶν
927 3037 1120 3124 καθημένων,
1143 3036 1229 3108 Dem.
1251 3038 1326 3123 πρὸς
1348 3038 1437 3101 Λεπτ.
1459 3058 1490 3121 p.
1507 3038 1584 3122 507)
1605 3038 1699 3103 fuisse

540 3148 591 3215 vel
614 3155 681 3214 esse
703 3150 837 3244 petuisse
858 3150 946 3215 testis
968 3156 1015 3215 est
1036 3148 1255 3235 Aristophanes
1270 3148 1361 3235 Vesp.
1385 3150 1445 3213 661
1462 3169 1544 3233 sqq..

631 3263 895 3344 astrueremus
918 3261 1046 3340 κατάθες
1071 3263 1177 3349 μισθὸν
1201 3265 1278 3326 τοῖσι
1301 3263 1454 3330 δικασταῖς
1475 3261 1612 3325 ἐνιαυτοῦ

561 3462 564 3468 1
629 3374 664 3450 ἓξ
686 3378 827 3462 χιλιάσιν,
850 3373 958 3439 κοῦπω
980 3371 1103 3445 ιιλσίιυς
1126 3376 1156 3439 ἐν
1180 3382 1221 3458 τῇ
1242 3374 1330 3459 χώρᾳ
1352 3372 1544 3454 κατένασθεν,

627 3487 766 3580 γίγνεται
778 3489 853 3573 ἡμῖν
877 3488 980 3552 ἑκατὸν
1004 3489 1103 3572 δήπου
1126 3488 1175 3551 καὶ
1203 3473 1385 3571 πεντήκοντα
1406 3486 1544 3560 τάλαντα.

539 3600 635 3665 Hune
656 3619 712 3664 sex
732 3598 856 3682 milium
883 3619 1046 3666 numerum
1074 3619 1147 3662 eum
1169 3596 1393 3679 Schoemanno,
1421 3594 1581 3673 Beeehhh,
1612 3593 1644 3657 C
1665 3593 1698 3657 F.

539 3713 723 3777 Hermanno
744 3709 855 3796 reliqui
878 3730 982 3775 omnes
1002 3710 1185 3798 probarunt;
1208 3730 1307 3796 neque
1328 3713 1487 3795 repugnat,
1511 3706 1592 3791 quod
1613 3706 1699 3771 sehe-

539 3825 635 3891 liasta
663 3823 717 3894 Ar.
745 3823 862 3920 Vesp.
866 3823 906 3887 88
935 3843 1037 3889 vocem
1069 3823 1266 3909 φιληλιαστής
1292 3841 1346 3908 per
1368 3822 1581 3908 φιλιδικαστής
1603 3818 1699 3904 expli·

540 3958 616 4003 sans
645 3934 761 4012 addit:-
759 3933 858 4028 ᾖσαν
888 3935 921 3999 δὲ
948 3936 1089 4021 ἡλιασταὶ
1115 3935 1167 3999 τὸν
1198 3933 1347 4021 ἀριθμὸν
1355 3931 1388 4019 φ’
1423 3932 1444 3995 i.
1474 3953 1500 3995 e.
1528 3930 1699 4016 quingenti,

540 4050 637 4137 unius
666 4027 783 4114 seilicet
809 4046 963 4111 dicasterii
991 4046 1118 4112 iudices.
1170 4045 1251 4123 Quid
1277 4064 1349 4109 vero
1377 4044 1562 4109 censendum
1590 4042 1631 4106 sit
1617 4041 1700 4105 tde

540 4131 707 4228 seholiasta
732 4159 837 4246 prime
859 4160 913 4224 Ar.
943 4157 1025 4223 Plut.
1054 4151 1135 4241 277,
1163 4158 1239 4221 item
1266 4156 1303 4222 de
1325 4162 1434 4240 quarto
1455 4155 1494 4221 ad
1516 4153 1698 4218 eundemv.

540 4280 574 4338 et
596 4272 634 4339 de
656 4270 748 4337 sohel.
772 4271 824 4342 Pl.
841 4271 914 4353 973,
937 4270 991 4355 qui
1013 4270 1180 4355 singulos
1171 4291 1205 4334 m
1227 4268 1402 4352 singulisf
1399 4268 1459 4333 eris
1481 4265 1596 4331 iudices
1617 4262 1700 4327 iudi-

540 4406 637 4454 casse·
649 4390 785 4467 narrant,
807 4384 881 4448 satis
904 4382 1036 4448 ostendit
1057 4382 1301 4462 Schoemannus:
1324 4380 1368 4443 De
1382 4379 1541 4445 sortitione
1562 4375 1700 4440 iudicum

540 4521 566 4563 e.
589 4495 635 4563 III
662 4495 772 4584 Opust.
803 4496 886 4561 acad.
915 4496 929 4559 Ι
962 4517 992 4581 p.
1015 4495 1087 4559 202.
1136 4481 1224 4584 Vltra
1251 4515 1304 4558 sex
1331 4493 1419 4557 milia
1445 4496 1481 4555 ut
1509 4475 1700 4583 excedamus,

539 4587 744 4705 noa'patitur
758 4608 909 4690 ¹Comicus,
931 4606 1044 4702 additis
1065 4607 1127 4671 his:
1151 4605 1238 4688 σῦτιιι
1260 4607 1389 4686 πλείοιςΙ
1406 4607 1436 4670 ἐν
1459 4609 1503 4688 τᾷ,
1520 4603 1609 4689 χώρᾳ
1630 4626 1699 4687 κατ·
