4484 5467
539 607 579 671 78
927 601 1115 658 eaouusou.
1151 602 1264 659 curvr
1281 603 1316 659 m

539 802 607 861 nus,
631 786 666 845 ut
688 776 793 842 eodem
815 783 912 842 metro
933 777 979 841 ita
999 777 1098 842 modis
1115 776 1225 842 iisdem
1248 779 1297 843 usi
1319 779 1450 860 luerint3
1474 780 1635 845 consimili
1652 802 1691 845 ra·

458 972 460 976 ,
538 894 622 958 tione
643 892 724 955 inter
745 910 777 953 se
800 891 962 954 cohaerent
983 910 1089 954 versus
1111 897 1239 974 quartus
1262 892 1363 975 (276),
1386 898 1506 975 sextus,
1536 894 1691 979 septimus,

540 1005 652 1090 quibus
673 1002 811 1089 proxime
834 1001 950 1065 accedit
971 1022 1077 1066 versus
1100 1001 1244 1085 quintus,
1267 1022 1358 1085 quem
1380 1005 1548 1069 emendare
1571 1006 1692 1071 conaba-

539 1139 623 1182 mur:
645 1122 741 1180 restat
762 1120 887 1179 cctasus
909 1113 929 1198 ἦ
957 1116 1016 1198 μὴν
1032 1118 1105 1193 κτλ,
1129 1114 1217 1196 quasi
1237 1116 1410 1181 coniunctio
1425 1117 1583 1201 quaedam
1599 1118 1692 1183 modo·

540 1251 610 1294 rum
639 1234 670 1293 et
697 1226 838 1309 dactylici
871 1232 902 1289 et
929 1225 1074 1290 trochaici
1102 1226 1204 1289 metri.
1254 1226 1384 1292 Vltimus
1413 1228 1551 1314 denique
1581 1250 1692 1296 versus:

540 1344 625 1407 λίθον
649 1342 746 1427 ἕψεις,
780 1337 898 1421 ἔλεγεν,
932 1343 963 1401 et
990 1358 1082 1421 quem
1109 1345 1248 1401 secutum
1277 1359 1341 1402 esse
1368 1340 1507 1406 diximus
1529 1363 1606 1406 cum
1626 1342 1693 1406 Her·

539 1472 654 1518 manno
675 1450 771 1515 Elem.
788 1449 817 1513 d.
832 1470 873 1513 m.
887 1470 917 1533 p.
935 1450 985 1527 29,
1008 1448 1100 1532 primi
1123 1469 1229 1514 uersus
1250 1451 1354 1516 modos
1376 1460 1522 1537 exparte
1544 1455 1693 1540 repetisse,

540 1566 597 1630 hac
619 1569 724 1628 nostra
755 1561 859 1626 modos
891 1560 1045 1643 cogitandi
1073 1561 1191 1624 ratione
1218 1570 1455 1628 consentaneum
1490 1570 1569 1630 est·
1595 1566 1693 1642 Quiris

541 1696 612 1741 vero
633 1674 804 1761 perspiciet,
827 1694 921 1758 quam
943 1673 1073 1757 simplex
1087 1694 1232 1738 versuum
1248 1674 1425 1759 compositio
1439 1677 1490 1758 sit,
1515 1698 1615 1762 quam
1628 1679 1693 1743 sim·

515 1812 516 1815 ¹
540 1788 611 1874 plex
634 1808 704 1870 ergo
725 1786 885 1850 modorum
908 1784 985 1848 ratio
1007 1784 1108 1848 fuerit.
1125 1823 1166 1831 -
1189 1786 1335 1871 Sequitur
1356 1795 1465 1870 quarta
1486 1789 1600 1874 paredi
1621 1811 1693 1875 pars,

540 1907 674 1982 systema
695 1898 866 1963 lonicorum
888 1918 907 1960 a
928 1896 1055 1976 minori,
1084 1898 1253 1980 allerglric
1275 1899 1388 1963 editore
1410 1908 1503 1983 atquo
1526 1923 1546 1967 a
1569 1893 1693 1968 Rossba-

540 2012 608 2076 chio
629 2009 884 2095 antistrophicum
906 2008 1068 2087 redditum,
1091 2010 1179 2073 Metr.
1202 2033 1232 2095 p.
1256 2012 1334 2083 3243
1358 2033 1376 2075 a
1397 2012 1557 2078 Diudorflo
1581 2014 1616 2078 in
1638 2014 1693 2079 edi-

540 2124 675 2189 tionibus
697 2123 772 2187 item
787 2121 1051 2206 antistrophicum,
1073 2122 1107 2184 iu
1130 2122 1222 2185 libro:
1245 2122 1344 2186 Metra
1357 2124 1502 2206 Aeschyli
1518 2131 1578 2190 etc.
1593 2150 1626 2213 p.
1639 2128 1692 2191 342

542 2237 697 2318 integrum
719 2236 869 2299 relictum.
914 2236 949 2297 ln
972 2234 1172 2318 descriptione
1194 2255 1340 2299 versuum
1362 2235 1406 2299 ita
1426 2236 1510 2300 inter
1532 2260 1566 2301 se
1590 2239 1693 2304 discre-

540 2354 617 2433 pant
637 2347 698 2412 viri
721 2347 815 2427 docti,
845 2352 881 2410 ut
902 2345 1052 2428 Bergkius
1073 2346 1236 2425 tredecim,
1259 2348 1433 2412 Dindorfius
1455 2369 1588 2429 novem,
1611 2352 1693 2415 Base

540 2459 669 2523 bachius
692 2466 807 2543 septem
830 2458 980 2521 exhibeat.
1024 2457 1218 2539 Hirschigius
1240 2458 1386 2543 denique,
1408 2460 1635 2546 antistrophica
1655 2462 1693 2526 di·

511 2583 513 2586 ’
538 2571 655 2635 visione
684 2570 971 2653 abiecta,'trigiuta
998 2568 1094 2632 edidit
1120 2590 1236 2634 sersus.
1280 2572 1352 2636 Post
1379 2572 1546 2637 stasimum
1575 2574 1692 2639 finitum

538 2703 626 2747 senes
647 2682 726 2747 filios
747 2682 886 2768 progredi
907 2682 1031 2746 iubent:
1054 2682 1157 2766 ὕπαγ’,
1181 2648 1206 2744 dl
1228 2689 1292 2759 παῖ,
1315 2684 1423 2768 buu-ys:
1445 2705 1508 2748 non
1530 2706 1606 2750 vero
1627 2706 1689 2772 pro

539 2795 732 2877 gradiuntur,
754 2794 808 2858 sed
830 2795 942 2858 iterum
964 2816 1036 2859 cum
1056 2794 1195 2880 patribus
1217 2794 1416 2873 altercantur,
1440 2795 1516 2859 dum
1539 2797 1689 2862 Philoclco

538 2908 638 2972 socius
660 2907 764 2971 omnia
784 2927 838 2992 per
858 2908 994 2971 foramen
1017 2905 1125 2970 domus
1147 2906 1242 2969 audit.
1270 2908 1389 2971 uenus
1410 2906 1573 2973 modorum
1595 2910 1687 2993 magis

539 3019 731 3106 ὀρχηστικόν,
759 3040 794 3083 ac
820 3018 965 3084 videntur
993 3024 1023 3082 et
1048 3019 1137 3103 pueri
1164 3025 1194 3081 et
1221 3012 1309 3082 senes
1331 3018 1527 3104 aliquantum
1555 3022 1686 3102 saltasse,

538 3136 618 3195 certe
658 3132 791 3196 saltandi
830 3132 962 3217 speciem
994 3136 1079 3195 motu
1111 3150 1285 3215 corporum,
1323 3131 1513 3212 aculeorum,
1553 3132 1687 3199 lucorna-

538 3265 609 3307 rum
630 3243 758 3308 dedisse.
808 3243 914 3326 Neque
946 3249 1050 3307 tamen
1082 3242 1217 3306 multum
1250 3263 1283 3306 se
1311 3244 1376 3308 loco
1404 3250 1544 3325 movent,
1579 3247 1687 3331 quippe

538 3354 707 3419 audiuntur
729 3354 964 3419 aPhiloclccue.
1007 3354 1158 3438 Equidem
1180 3360 1216 3418 ut
1236 3356 1322 3440 prius
1346 3358 1507 3444 ἀμοιβαῖον
1532 3358 1572 3422 ah
1594 3358 1687 3424 omni·

504 3486 510 3499 ‘
539 3468 595 3532 bus
615 3488 680 3531 una
709 3467 860 3532 choreutis
895 3488 915 3531 a
940 3468 1103 3552 puerisque
1132 3467 1273 3531 omnihus
1300 3474 1458 3533 cantatum
1479 3490 1545 3533 esse
1567 3491 1687 3555 persua·

538 3600 607 3642 sum
625 3579 730 3658 habco,
752 3580 798 3643 ita
819 3579 873 3643 hos
889 3598 1007 3664 quoque
1023 3599 1130 3643 versus
1145 3579 1232 3643 novis
1247 3579 1373 3663 quidem
1387 3580 1495 3662 modis,
1517 3582 1573 3646 sed
1588 3583 1688 3647 ecdem

539 3691 668 3754 canendi
701 3691 789 3756 modo
819 3711 888 3755 usos
920 3711 985 3755 esse
1018 3692 1177 3756 contendo.
1226 3692 1292 3755 lam
1324 3692 1504 3757 varietatem
1532 3694 1687 3759 modorum

537 3803 685 3867 hacteuus
701 3803 907 3869 adhibitorum
921 3802 1145 3889 deprehendere
1160 3803 1247 3867 nobis
1269 3804 1350 3882 licet,
1373 3826 1561 3890 quamquam
1579 3802 1688 3889 singuli

537 3915 653 3979 fuerint
666 3914 901 4000 simplicissimi:
911 3916 1058 3980 habemus
1069 3916 1154 3979 enim
1165 3923 1298 3980 metrum
1310 3917 1560 4003 Hipponacteum
1571 3915 1688 4004 (Rossb.

537 4026 625 4091 Metr.
648 4048 677 4111 p.
697 4028 780 4111 199),
803 4033 1012 4113 syncopatum,
1035 4028 1352 4111 dactylotrochaicum,
1381 4030 1497 4094 lonicus
1518 4051 1537 4093 a
1557 4031 1688 4105 minore;

537 4139 641 4224 itaque
663 4138 790 4203 artificio
808 4140 882 4204 satis
896 4160 1007 4222 magno
1029 4145 1059 4203 et
1081 4140 1216 4205 sollertia
1238 4142 1327 4206 choro
1349 4163 1424 4228 opus
1444 4143 1548 4224 fuisse,
1572 4150 1607 4206 ut
1622 4163 1689 4228 poe·

537 4259 587 4317 tae
602 4251 703 4318 verbis
724 4250 800 4315 satis
822 4252 917 4333 lieret,
940 4256 1073 4336 apparet.
1111 4254 1178 4316 lam
1199 4274 1271 4318 sero
1293 4254 1377 4318 chori
1391 4261 1499 4319 cantus
1521 4255 1684 4318 interrum-

537 4366 622 4449 pitur
644 4362 846 4428 Philoclecnis
861 4363 1016 4443 versibus,
1038 4386 1068 4429 v.
1085 4366 1147 4429 317
1171 4388 1235 4451 sqq.
1258 4387 1320 4430 non
1342 4368 1472 4431 cantatis
1493 4366 1557 4431 illis
1579 4367 1633 4431 sed
1654 4364 1689 4430 ad

538 4498 648 4541 sonum
674 4477 768 4541 tibiae
797 4476 941 4540 recitatis.
993 4479 1075 4554 Quos
1101 4489 1207 4543 uersus
1235 4477 1388 4561 Reisigius
1416 4480 1541 4543 coniect.
1571 4501 1601 4565 p.
1633 4480 1689 4543 199

540 4590 772 4674 antistrophicos
787 4589 911 4653 reddere
926 4595 1053 4654 conatus
1075 4596 1130 4672 est,
1153 4591 1228 4654 satis
1243 4590 1395 4673 audacter,
1417 4598 1454 4655 ut
1475 4591 1552 4693 mihi
1568 4592 1690 4676 quidem
