4484 5467
614 619 674 683 156
994 613 1184 668 Pulrimo'oli.
1220 613 1331 667 GAPVT
1349 611 1386 664 lv

613 814 673 876 ρεις
693 787 758 852 scil.
775 793 882 874 ψῆφοι.
926 789 969 853 At
984 791 1125 872 poterant
1139 786 1232 850 etiam
1255 786 1286 850 ct
1299 789 1430 872 χοιρῖναι
1454 781 1492 848 in
1507 803 1578 848 usu
1594 803 1669 863 esse,
1690 803 1763 867 quum

611 921 772 965 commune
794 898 979 964 calculorum
1002 918 1112 962 nomen
1142 899 1162 982 ή
1188 902 1291 982 ψῆφος
1312 895 1407 959 lieret
1456 893 1554 959 Suid.
1579 917 1606 960 s.
1629 915 1659 960 v.
1683 901 1762 981 ψήφος

612 1019 680 1098 post
701 1012 853 1096 egregiam
876 1011 1003 1096 Toupii,
1024 1010 1097 1075 licet
1119 1031 1188 1074 eain
1210 1015 1314 1094 postea
1336 1009 1576 1090 retractaverit,
1601 1007 1762 1075 emendato

612 1145 698 1188 neni:
727 1126 836 1210 κρίσις,
860 1123 1011 1209 ἀπόφασις
1033 1124 1102 1209 δίχα
1127 1127 1231 1192 λαλιᾶς
1253 1121 1321 1206 (pro
1344 1122 1522 1207 διαλαλιὰ),
1549 1121 1661 1208 λόγος,
1683 1139 1761 1186 vocem

612 1236 706 1299 etiam
734 1256 789 1320 pro
820 1239 839 1320 ή
864 1238 1041 1322 διαψήφισις
1067 1239 1247 1319 usurpatam
1279 1255 1344 1299 esse
1365 1233 1464 1299 docet
1510 1234 1662 1300 Fortasse
1682 1231 1761 1310 eden,

611 1346 702 1411 liceat
723 1346 801 1410 mihi
823 1346 857 1410 in
880 1368 912 1410 re
934 1352 999 1410 tam
1020 1346 1138 1410 ineerta
1151 1366 1327 1431 proponere,
1350 1345 1431 1430 quod
1455 1346 1526 1411 veri
1551 1367 1620 1412 non
1636 1342 1760 1410 dissimile

611 1459 734 1523 ridetur
755 1478 829 1535 osse,
852 1459 978 1522 sortasse
999 1457 1094 1540 igitur
1116 1457 1301 1522 concharum
1316 1457 1575 1522 commemoratio
1598 1475 1702 1522 esono
1714 1460 1761 1520 orlr

612 1575 658 1634 est
679 1570 810 1633 immissi
838 1569 956 1634 calculi.
1000 1569 1140 1654 Namque
1168 1568 1339 1653 Hesychius
1367 1591 1392 1633 a.
1415 1589 1444 1633 u.
1475 1569 1555 1655 κόγΕ
1588 1568 1690 1657 ύμπαξ
1709 1566 1760 1652 (So

611 1681 736 1767 pingius
760 1682 887 1771 βόμβαε,
910 1681 992 1766 quod
1009 1682 1158 1765 praestat)
1181 1682 1361 1768 ἐπιφώνημα
1382 1681 1618 1767 τετελεσμένοις
1640 1677 1760 1766 (Lobeol
1825 1671 1827 1676 ¹

612 1794 812 1879 Aglaopliarn.
836 1793 1043 1878 praeconi.
1067 1792 1139 1878 κύγΕ
1163 1794 1280 1879 ὁμοίως
1302 1794 1371 1873 uolt,
1394 1791 1445 1855 oui
1469 1793 1650 1858 assentitur
1670 1790 1761 1856 Hasius

612 1906 652 1969 ad
674 1906 714 1969 ll.
738 1904 929 1989 Stephanum
951 1925 975 1967 s.
998 1903 1051 1986 u),
1075 1904 1095 1967 i.
1118 1924 1144 1966 e.
1167 1904 1349 1990 ἐπίφθεγμα,
1371 1902 1571 1983 exclamatio,
1596 1924 1691 1988 quam
1710 1900 1761 1986 quie

612 2040 645 2082 re
666 2018 754 2081 finita
776 2016 853 2095 edit3
881 2023 936 2080 aut
962 2036 1055 2081 sonus
1077 2016 1132 2099 qui
1154 2036 1187 2079 re
1210 2016 1278 2101 ipsa
1306 2014 1457 2095 nascitur,
1488 2016 1542 2079 καὶ
1573 2021 1632 2101 τῆς
1655 2019 1761 2080 dirara-

612 2136 669 2215 κής
702 2133 807 2216 ψήφου
830 2129 923 2216 ήχος,
952 2132 994 2199 ὡς
1018 2131 1033 2193 ὁ
1056 2134 1112 2214 τῆς
1138 2130 1317 2215 κλεψύδρας.
1362 2128 1442 2214 παρὰ
1466 2128 1502 2191 δὲ
1522 2126 1682 2199 Ἀττικοῖς
1702 2125 1761 2217 βλύψ

612 2241 792 2325 (legendum
816 2245 857 2310 ὡς
875 2242 890 2303 ύ
906 2265 931 2303 τ.
947 2266 974 2304 κ.
997 2241 1078 2327 παρὰ
1093 2245 1158 2311 τοῖς
1177 2239 1327 2310 Ἀττικοῖς
1344 2237 1446 2327 βλύψ).
1485 2238 1593 2303 Priori
1608 2259 1683 2304 voce
1698 2235 1762 2302 haud

613 2352 704 2416 dubie
726 2373 818 2416 sonus
841 2352 886 2414 rei
907 2351 941 2414 in
963 2372 1074 2416 cavum
1096 2350 1220 2434 aliquod
1248 2350 1407 2415 vasculum
1434 2348 1610 2414 incidentis
1632 2349 1762 2427 redditur,

611 2463 771 2549 posteriori
799 2463 898 2526 stillae
926 2483 1019 2528 sonus
1046 2464 1080 2527 in
1107 2462 1242 2550 lapidem
1263 2461 1410 2528 cadentis.
1454 2460 1540 2525 Hinc
1564 2468 1691 2547 putem,
1714 2461 1763 2525 ian

612 2580 729 2638 veteres
751 2573 882 2638 calculos
910 2580 1031 2659 proptor
1061 2595 1173 2640 sonum
1194 2574 1266 2660 κύγξ
1294 2572 1472 2658 saepissime
1494 2571 1647 2637 auditum
1668 2572 1764 2659 κόγχος

614 2686 801 2767 nominasse,
832 2691 867 2750 ut
894 2687 1062 2773 κλεψύδραν
1091 2686 1251 2752 nominare
1278 2689 1418 2771 poterant
1447 2684 1646 2774 βλοψύδραν;
1681 2702 1764 2768 meque

613 2802 717 2862 tamen
740 2797 871 2862 calculos
893 2804 1052 2883 propterea
1073 2798 1202 2862 conchas
1224 2796 1333 2877 fuisse,
1362 2796 1415 2861 sed
1436 2793 1572 2880 lapillos.
1620 2795 1684 2861 Sed
1703 2795 1764 2860 hae

613 2910 770 2975 hactenus.

700 3022 854 3109 Superest,
877 3027 913 3087 ut
934 3022 1065 3104 videtur,
1088 3027 1233 3106 quartum
1255 3020 1443 3086 calculorum
1463 3042 1574 3105 genus,
1606 3028 1635 3090 ot
1657 3025 1765 3111 κύαμοι

614 3135 807 3219 Quamquam
822 3133 962 3198 Comicus
984 3133 1021 3197 de
1036 3155 1095 3198 usu
1110 3134 1251 3199 fabarum
1272 3156 1297 3197 s.
1319 3132 1498 3219 lupinorum
1518 3134 1667 3202 iudiciali
1681 3154 1765 3223 paene

612 3252 701 3311 tacet.
741 3247 779 3310 In
800 3245 904 3330 Equit.
927 3246 967 3308 41
992 3246 1029 3309 dc
1050 3245 1163 3330 populo
1184 3244 1320 3329 loquitur
1336 3245 1498 3330 Pnycensi,
1520 3246 1612 3314 fabas
1635 3249 1765 3328 esitante,
1810 3321 1814 3334 ¹

612 3359 667 3423 ubi
695 3358 804 3424 schol:
832 3356 1025 3445 κυαμοτριύΕ]
1051 3357 1233 3436 δικαστικός,
1260 3360 1398 3444 κυάμους
1420 3359 1544 3424 ἐσθίων.
1584 3359 1766 3448 κυάμοιςδὶ

613 3472 747 3557 ἐχρῶντο
772 3472 956 3535 οἱ-δικασταὶ
978 3472 1026 3535 διὰ
1047 3471 1080 3534 τδ
1106 3472 1148 3557 μὴ
1165 3471 1320 3536 καθεύδειν
1344 3472 1363 3555 ἢ
1387 3471 1451 3536 ἀντὶ
1473 3472 1600 3558 ψήφων.
1638 3472 1766 3540 &uorat

614 3585 662 3649 διὰ
684 3589 738 3648 τοῦ
762 3609 777 3655 ς
798 3587 991 3672 κυαμοτριύς,
1022 3586 1190 3671 ύκυοὶμοις
1219 3585 1365 3663 δικάζων,
1396 3585 1622 3671 ύτιτριύοκων.
1659 3586 1786 3655 τούτοις·

613 3696 669 3782 γὰρ
693 3697 827 3783 ἐχρῶντο
851 3698 914 3763 ἀντὶ
937 3699 1058 3784 ψήφων.
1102 3696 1142 3760 Ei
1158 3696 1234 3761 Rav.
1257 3696 1440 3784 τρεφόμενος
1462 3697 1522 3761 ἀπὸ
1545 3700 1609 3764 τῶν
1634 3701 1769 3786 κυάμων·

614 3807 671 3893 πρδ
694 3809 749 3895 γὰρ
771 3814 826 3894 τῆς
848 3809 997 3896 εὑρέσεως
1018 3812 1077 3874 τῶν
1102 3812 1213 3896 ψήφων
1232 3810 1361 3895 κυοῖμοις
1376 3811 1510 3897 ἐχρῶντο
1534 3809 1566 3874 ἐν
1590 3815 1660 3883 ταῖς
1675 3812 1769 3895 ἑκκλτγ

616 3920 700 3990 αιάις.
750 3921 796 3984 De
824 3920 872 3985 his
901 3921 1133 3986 Schoemannus
1161 3919 1182 3983 l.
1209 3920 1230 3983 l.
1258 3942 1288 4005 p.
1318 3922 1396 3985 270:
1432 3921 1559 4005 „Itaque
1588 3943 1609 3986 a
1637 3919 1769 3987 iudiciali

612 4033 750 4096 mercede
772 4035 826 4098 hos
856 4035 987 4118 „quibus
1010 4034 1128 4099 calceus
1149 4033 1222 4097 hino
1244 4038 1290 4104 est
1312 4039 1343 4097 et
1363 4033 1453 4119 panis
1474 4034 1644 4119 fumusque
1672 4033 1768 4101 domi“

613 4145 856 4211 commodissime
877 4150 1097 4233 κυαμοτρῶγας
1114 4143 1262 4231 appellari
1276 4165 1363 4230 posse
1378 4150 1518 4230 apparet3
1542 4145 1675 4212 aluntur
1694 4146 1770 4211 enim

612 4258 700 4337 fabis,
723 4258 835 4343 quibus
856 4259 891 4324 in
913 4259 1056 4342 suffragio
1077 4258 1200 4322 ferendo
1221 4263 1354 4323 utuntur
1367 4259 1601 4344 mercedemque
1621 4261 1769 4330 merent.l

613 4372 772 4455 Ingeniosa
795 4372 929 4455 quidem,
952 4371 1005 4436 sed
1027 4392 1089 4435 non
1104 4372 1320 4436 necessarium.
1364 4371 1480 4436 Eadem
1502 4371 1624 4436 ratione
1643 4372 1771 4459 populus

614 4484 710 4565 possit
731 4483 836 4547 audire
858 4485 1097 4572 τριωβολοτριύξ,
1121 4486 1293 4569 ψηφοτρώξ,
1315 4485 1523 4577 χοιρινοτρώί,
1547 4483 1676 4556 similia.
1716 4485 1772 4556 Ac

615 4594 704 4676 aedit,
727 4595 808 4685 quod
830 4594 970 4666 Comicus
991 4595 1026 4660 in
1047 4593 1217 4683 Lysistrata
1239 4596 1316 4664 690:
