4484 5467
1033 618 1229 681 ΣΦΗΚΕΣ

705 800 778 866 δύου
802 800 905 866 ποίλιν·
926 797 994 888 φέρ’
1019 799 1164 866 ἐπαναθῶ
1190 823 1237 865 σοι
1259 799 1309 864 καλ
1333 798 1431 875 ξύλον.

705 914 836 979 ἐνταῦθα
857 938 908 980 νυν
934 915 1014 999 ζήτει
1036 911 1092 978 τιν’
1119 897 1212 998 οίλλην
1238 914 1387 998 μηχανήν.

704 1028 776 1113 ἀτὰρ
799 1025 904 1097 ἄθλιός
926 1025 956 1111 γ’
982 1025 1043 1111 εἴμ’
1069 1028 1110 1095 ὡς
1132 1026 1234 1111 ἕτερος
1257 1024 1355 1095 οὐδεὶς
1377 1025 1464 1112 ἀνήρ,

704 1138 783 1209 ὅστις
805 1139 915 1227 πατρὸς
938 1140 1001 1203 νυνὶ
1022 1137 1160 1205 Καπνίου
1183 1140 1381 1223 κεκλήσομαι.

1062 1263 1191 1321 ΣΩΣΙΑΣ.

704 1361 739 1431 σὺ
764 1363 872 1451 δὲτὴν
896 1362 990 1452 θύραν
1016 1363 1104 1435 ditet·
1128 1362 1210 1437 πίεζέ
1233 1387 1284 1428 νυν
1309 1362 1426 1450 σφόδρα

614 1643 699 1696 dicere
711 1643 856 1696 consuerint
868 1641 954 1714 είσερρ.
967 1656 1017 1693 που
1029 1640 1114 1712 ἐσερρ.,
1134 1656 1223 1709 nempe
1236 1644 1295 1693 ante
1306 1643 1429 1698 vocalem.
1455 1645 1562 1714 Recepit
1574 1646 1706 1716 Berglrius,

614 1730 708 1783 omisso
726 1728 846 1781 lllmsleio
864 1731 974 1781 auctore.
1005 1728 1100 1794 Reisig.
1114 1724 1185 1779 Coni.
1198 1742 1223 1793 p.
1236 1725 1269 1777 23
1286 1726 1416 1795 vulgatam
1433 1731 1559 1798 probavit.
1585 1732 1706 1788 Fritzsch.

613 1801 647 1868 ad
665 1815 845 1883 Thesmophor.
868 1814 930 1867 627:
954 1813 1107 1885 ἀπερρίρεις.
1141 1812 1287 1880 Legendum
1306 1813 1370 1887 ἀτὰρ
1388 1813 1435 1868 ούκ
1456 1814 1594 1889 ἐσερρήοεις
1611 1837 1651 1889 γε,
1668 1821 1705 1873 in.

613 1902 760 1971 terrogandi
777 1902 850 1971 signo
868 1901 958 1954 deleto.

576 2006 601 2041 ν.
618 1989 674 2043 150.
711 1988 763 2041 ἀλλ’
785 1985 871 2047 ἄθλιος
889 1988 947 2040 Vat.
965 1987 994 2040 P.
1013 1982 1100 2044 ἄθλιός
1118 1983 1142 2055 γ’
1163 1984 1247 2052 vulgo.
1266 1984 1350 2058 ἕτερός
1371 1984 1395 2057 γ’
1416 1987 1447 2041 It.
1465 1987 1497 2041 V.
1516 1987 1598 2062 ἕτερος
1619 1993 1705 2061 vulgo.

577 2092 602 2128 v.
619 2074 675 2129 151.
710 2079 754 2128 νῦν
773 2076 804 2129 R.
823 2075 855 2129 V.
873 2074 926 2128 Inr.
944 2076 1048 2126 reeentt.
1061 2102 1095 2109 —
1109 2071 1179 2124 Reis.
1192 2068 1262 2122 (loni.
1278 2070 1335 2136 109,
1352 2088 1384 2124 ne
1400 2072 1483 2140 prima
1500 2076 1571 2128 verbi
1588 2066 1703 2130 Καπνίου

613 2160 775 2228 producatur,
798 2164 842 2211 νῦν
867 2160 921 2222 κοιλ,
945 2174 1019 2227 quern
1041 2160 1163 2224 sequutus
1181 2155 1307 2224 llirselnig.
1334 2157 1389 2208 νυνὶ
1409 2160 1520 2227 scripsit,
1541 2164 1645 2215 utente
1663 2163 1703 2215 ln-

613 2260 683 2297 vern.
702 2244 778 2310 uulgo
795 2244 934 2312 legebatur.
963 2243 1000 2296 De
1018 2242 1072 2293 νυνὶ
1090 2256 1147 2292 cum
1164 2239 1249 2292 futuro
1268 2241 1317 2295 vid.
1336 2242 1414 2296 Wolf.
1430 2242 1502 2297 Dem.
1520 2245 1592 2314 Lept.
1604 2264 1630 2315 p.
1644 2249 1703 2304 249.

576 2349 601 2385 v.
617 2329 767 2383 roa-155.
793 2330 862 2381 Reis.
881 2328 952 2382 Coni.
970 2345 995 2396 p.
1014 2326 1063 2381 237
1082 2331 1107 2380 et
1124 2328 1249 2396 Bergldus
1268 2332 1327 2397 post
1342 2329 1461 2384 Beerium
1477 2331 1641 2401 Bdelycleoni
1659 2336 1703 2388 tri-

613 2415 735 2478 buerunt,
756 2413 872 2481 equidem
895 2412 983 2465 Sosiae
1005 2412 1133 2464 vindicare
1151 2414 1250 2478 studui,
1271 2415 1371 2485 Proleg.
1393 2432 1419 2485 p.
1437 2416 1484 2483 43,
1507 2419 1548 2470 cui
1565 2419 1641 2488 vulgo
1659 2422 1703 2473 tri-

611 2503 763 2554 buebantur.
790 2496 827 2553 lli.
846 2499 905 2553 Ald.
921 2500 987 2552 lunt.

576 2604 601 2642 v.
617 2585 674 2641 152.
708 2591 754 2639 παῖ
764 2584 810 2657 τὴν
824 2584 909 2653 vulgo.
932 2584 1015 2650 Quum
1027 2584 1058 2639 R.
1071 2584 1103 2639 V.
1116 2585 1178 2638 nihil
1191 2586 1309 2653 habeant,
1328 2586 1442 2644 Diodori.
1455 2588 1581 2659 Hirschig.
1594 2591 1700 2646 lacunae

541 2812 568 2865 ἐν
587 2816 620 2885 rip
639 2809 717 2882 ἀγορᾷ
729 2807 889 2881 ἐπίπρασκον.
916 2807 1098 2878 Corrigendum
1147 2811 1237 2879 igitur:
1264 2811 1370 2864 accedas
1393 2812 1426 2864 ad
1447 2814 1594 2881 operculum
1612 2831 1701 2886 usque,

538 2898 617 2971 τηλία
644 2897 670 2948 δὲ
692 2896 735 2947 καὶ
758 2896 826 2953 σανὶς
848 2894 871 2963 β.
894 2910 908 2946 e
930 2895 1007 2949 schol.
1029 2895 1097 2948 Plut.
1147 2899 1214 2949 certe
1231 2900 1317 2950 tamen
1334 2912 1385 2950 non
1401 2898 1515 2966 prodibis
1533 2900 1617 2956 altius.

541 2984 623 3048 1037,
646 2999 705 3035 nam
729 2982 861 3049 mrdtiplex
882 2983 922 3034 est
939 2995 1000 3033 usus
1018 2982 1097 3045 verbi,
1198 2998 1222 3035 ν.
1242 2982 1298 3036 148.
1334 2980 1417 3043 ξύλον.
1451 2982 1493 3035 Ad
1515 2999 1602 3039 omnes
1624 2991 1701 3056 perti-

538 3069 686 3123 tabularum
704 3068 788 3120 varias
805 3068 899 3120 formas
923 3066 1096 3133 significantis
1145 3070 1200 3132 net,
1223 3072 1249 3120 et
1271 3069 1303 3121 ad
1324 3071 1434 3137 patrem,
1458 3069 1526 3136 quod
1546 3070 1630 3125 fumus
1653 3078 1701 3139 est,

538 3156 572 3210 ci.
585 3155 649 3208 Poll.
662 3154 709 3219 IX,
724 3153 780 3206 108.
797 3153 876 3206 Belk.
890 3151 985 3205 Anecd.
997 3169 1023 3220 p.
1037 3153 1095 3218 275,
1145 3156 1171 3205 et
1192 3154 1225 3206 ad
1242 3154 1347 3218 sumum,
1365 3153 1433 3222 quod
1453 3157 1527 3222 pater
1547 3158 1594 3221 est,
1616 3161 1642 3210 et
1669 3161 1702 3213 ad

540 3243 582 3296 15.
613 3242 720 3294 Meinek.
750 3238 820 3292 Com.
843 3238 867 3290 ll
895 3255 920 3307 p.
938 3237 989 3292 503
1011 3254 1048 3307 sq.
1072 3242 1097 3291 et
1147 3241 1307 3308 operculum,
1342 3240 1410 3309 quod
1442 3242 1577 3309 utrumque
1610 3245 1700 3310 operit.

537 3328 716 3382 Hemsterhus.
750 3325 783 3378 ad
815 3324 894 3379 schol.
923 3324 990 3378 Plut.
1021 3324 1095 3380 1037.
1147 3325 1231 3379 Sehol.
1258 3325 1287 3379 ού
1308 3331 1346 3397 τῷ
1367 3327 1442 3398 πατρὶ
1464 3325 1530 3378 ἀλλὰ
1551 3331 1583 3401 τῇ
1605 3330 1700 3404 recep.

539 3414 652 3467 Brunck.
671 3412 703 3464 ad
721 3429 745 3465 v.
1145 3411 1162 3483 ἢ
1184 3411 1246 3484 πρὸς
1268 3413 1314 3483 τὴν
1336 3411 1438 3484 τηλίαν,
1465 3411 1506 3464 ίνα
1528 3410 1602 3488 ἐπιθῇ
1625 3413 1699 3476 ξύλον

592 3517 616 3553 ν.
646 3500 702 3552 147.
742 3498 888 3571 ἐσερρήσεις.
934 3498 971 3550 De
1006 3498 1095 3566 regula
1145 3498 1179 3557 είς
1197 3498 1272 3571 βάρος
1290 3498 1331 3552 διὰ
1348 3498 1394 3557 τὰς
1409 3501 1454 3550 πού
1467 3497 1561 3571 πατρὸς
1573 3505 1700 3575 μηχανάς.

536 3586 695 3640 Elmsleiana
712 3586 774 3637 satis
792 3585 857 3638 dixit
877 3584 970 3652 Enger.
987 3582 1048 3651 Lys.
1069 3600 1093 3637 ν.
1195 3602 1219 3636 ν.
1240 3558 1297 3638 leb.
1326 3580 1444 3648 ἐνταῦθα,
1462 3585 1478 3637 i.
1491 3600 1513 3638 ο.
1532 3584 1605 3651 ἔνδονι
1620 3590 1653 3651 (ν.
1666 3590 1699 3643 ad

538 3675 600 3726 let
622 3672 646 3725 2.
683 3671 767 3726 Schol.
794 3684 868 3722 vero:
895 3669 942 3722 ούκ
968 3668 1097 3722 elausere
1146 3687 1169 3723 ν.
1191 3670 1249 3735 110)
1271 3671 1325 3723 sive
1345 3672 1372 3723 iu
1392 3670 1500 3724 fumario
1527 3672 1580 3725 sire
1600 3674 1627 3727 in
1650 3675 1700 3729 alia

537 3759 605 3829 μετὰ
623 3753 729 3830 φθορᾶς.
763 3756 870 3809 Photius
892 3772 912 3808 s.
931 3773 954 3809 ν.
973 3755 1095 3829 ἐρρήσειςι
1146 3756 1236 3810 domus
1253 3760 1334 3826 parte.

537 3845 604 3915 μετὰ
622 3843 678 3912 βίας
695 3841 833 3914 είσελεύορ.
859 3841 935 3896 Dind.
963 3841 1026 3905 „Qui
1047 3840 1097 3901 ἐξα·
1196 3860 1220 3897 ν.
1240 3842 1297 3899 151.
1331 3838 1455 3897 Καπνίου.
1480 3843 1558 3897 Ludit
1575 3846 1699 3917 ambigui·

537 3930 616 4003 λιύσιρ
639 3930 724 3998 potius
746 3930 830 3982 dicere
852 3929 1001 3981 debebunt.“
1037 3928 1095 3980 Non
1144 3932 1197 3982 tate
1217 3930 1296 3995 uerbi,
1313 3931 1350 3983 ita
1367 3933 1452 3983 tamen
1470 3934 1498 3983 ut
1515 3930 1546 3983 de
1564 3932 1631 3997 vinc,
1653 3935 1696 4003 qui

536 4017 697 4072 crediderim.
728 4015 844 4084 Namque
857 4014 1007 4068 desumoin
1020 4030 1094 4067 auras
1143 4015 1250 4074 καπνίας
1271 4017 1422 4082 vocabatur,
1449 4017 1501 4069 iere
1523 4032 1574 4069 non
1595 4019 1698 4086 cogitet,

535 4103 679 4175 prodeunte
697 4105 772 4171 atque
789 4103 968 4165 evanescente,
989 4115 1040 4153 uon
1063 4100 1094 4152 de
1142 4101 1188 4153 sed
1205 4105 1316 4171 patrem,
1337 4102 1401 4173 fumi
1421 4103 1502 4155 instar
1523 4119 1622 4156 summa
1639 4104 1700 4156 leri-

536 4188 699 4259 reprimeudo
718 4189 809 4257 agitur.
837 4187 920 4252 Quare
936 4190 1005 4240 recte
1022 4188 1094 4240 scho-
1143 4189 1196 4239 tate
1217 4190 1243 4240 et
1259 4186 1367 4256 perfidia
1384 4203 1469 4252 usum,
1492 4192 1608 4252 accusat,
1630 4190 1699 4257 quod

535 4278 614 4330 liasta
637 4274 701 4343 μετὰ
723 4270 831 4347 ellepis:
853 4288 905 4327 nou
925 4273 1039 4342 prodibis
1062 4272 1095 4324 ad
1142 4274 1250 4342 posthac
1272 4269 1386 4328 Καπνίου
1397 4289 1500 4347 Ιιιοιιιυιι
1525 4276 1554 4325 ut
1580 4277 1699 4340 gestaret,

536 4360 739 4415 evanesceudum
757 4358 999 4429 veldiffugiendum.
1029 4359 1094 4411 Tum
1144 4359 1262 4415 effecerit.
1303 4361 1464 4430 Spectatores
1486 4363 1584 4423 tamen,
1611 4360 1697 4427 audito

537 4450 570 4501 de
582 4447 652 4499 fumo
664 4462 710 4515 per
721 4446 856 4499 fumarium
869 4444 1021 4498 ascendente
1032 4445 1096 4497 bene
1146 4442 1261 4499 Καπνίου
1287 4450 1401 4513 nomine,
1438 4447 1525 4500 vinum
1553 4445 1698 4511 audiebant,

537 4520 632 4587 dicitur
644 4531 776 4606 ἐξέρχομαι
787 4548 811 4586 ν.
825 4532 882 4597 140,
900 4533 965 4585 bene
982 4531 1014 4584 de
1025 4531 1094 4584 fumo
1144 4534 1254 4587 maxime
1276 4535 1336 4602 quia
1352 4532 1476 4600 Dionysia
1497 4532 1698 4598 celebrabantur.

537 4636 584 4689 per
608 4634 683 4671 auras
701 4618 792 4673 diffuso
816 4618 961 4692 ἐσερρήοεις.
998 4618 1093 4672 Sensus
1144 4620 1181 4675 Gi.
1205 4620 1283 4675 schol.
1310 4624 1337 4675 et
1361 4620 1502 4688 iuterprett.
1527 4618 1620 4687 Bergk.
1644 4620 1700 4677 Rcl.
