4484 5467
545 583 601 647 122
911 580 1102 636 Paoiocou.
1140 578 1253 633 carvr
1271 578 1308 633 iv

539 757 622 833 τίον,
652 756 688 826 οἷς
709 778 784 824 τινες
807 755 938 823 δικλίδας
960 754 1059 838 φασίν.
1096 754 1115 836 ἢ
1139 753 1250 836 κιγκλὶς
1272 751 1354 822 ἰδίως
1376 754 1396 836 ἡ
1421 753 1536 840 τρύπη,
1559 752 1601 819 δι’
1625 754 1693 840 ἥςὴ

540 870 651 952 κιγκλὶς
678 867 833 952 πέμπεται.
878 865 915 929 ln
943 864 991 928 his
1019 863 1245 928 animadvertas
1272 865 1326 948 τὴν
1356 865 1498 949 κιγκλίδα
1527 865 1626 932 etiam
1648 887 1694 954 per

540 981 573 1043 τὸ
595 982 739 1063 κάγκελον
763 977 924 1063 explicari3
947 975 1205 1060 quemadmodum
1227 975 1320 1042 schol.
1341 976 1435 1063 Vesp.
1457 976 1526 1044 386
1549 978 1624 1052 τοὺς
1637 982 1692 1067 δρσ

539 1095 671 1177 φάκτους
692 1110 747 1177 per
769 1091 919 1174 κιγκλίδας
942 1089 1170 1174 interpretatur.
1202 1090 1374 1174 Vtrumque
1386 1089 1692 1176 interpretamentum

539 1202 663 1287 praebet
683 1201 794 1265 Pollux
809 1200 890 1281 IIII,
917 1201 976 1264 124
1000 1202 1034 1271 ἂς
1056 1201 1236 1286 (κιγκλίδας)
1259 1207 1287 1267 οἱ
1304 1201 1461 1289 Ῥωμαῖοι
1484 1200 1690 1287 καγκελλωτδς

539 1314 686 1398 λέγουσιν,
710 1312 871 1378 Photiuss.
888 1334 916 1375 v.
940 1318 971 1376 et
993 1312 1113 1394 Suidas,
1136 1313 1222 1398 prius
1244 1315 1336 1380 schol.
1358 1314 1450 1400 Vesp.
1469 1313 1546 1397 124,
1568 1315 1692 1381 Zonaras

538 1432 569 1490 et
583 1424 792 1510 Harpocratio‚
815 1423 1011 1507 Etymologus
1033 1432 1138 1491 autem
1152 1425 1283 1510 Magnus
1304 1426 1446 1512 pluribus
1460 1446 1532 1492 rem
1547 1427 1691 1513 exposuit:

539 1537 805 1622 ἡκαγκελοθορίς,
828 1537 907 1622 θύρα
930 1539 1076 1621 δικτυωτή
1101 1537 1137 1621 (i.
1152 1558 1177 1601 e.
1199 1538 1325 1602 funibus
1340 1539 1431 1619 facta,
1454 1538 1593 1605 antelis
1607 1539 1692 1605 instet

543 1647 655 1723 multos
677 1647 779 1712 oculos
801 1646 960 1731 habens?)‚
986 1652 1112 1734 μάλιστα
1136 1651 1164 1714 δ’
1189 1653 1237 1715 ἐπὶ
1258 1655 1317 1714 τῶν
1341 1651 1544 1736 δικαστηρίων
1567 1656 1692 1716 τοιαῦτα

539 1760 629 1843 ἦσαν,
650 1761 697 1823 ίνα
719 1760 837 1845 ταχέως
853 1761 1032 1844 ἀνοίγωνται
1047 1764 1097 1826 καὶ
1119 1764 1285 1828 κλείωνται.
1323 1765 1459 1847 συνεχῶς
1480 1762 1542 1849 γὰρ
1558 1762 1691 1848 εἰσῄεσαν

539 1873 588 1936 καὶ
610 1870 750 1954 ἐξῄεσαν.
795 1872 915 1956 γέγονεν
940 1871 992 1936 οὖν
1016 1875 1096 1959 παρὰ
1118 1874 1152 1937 τδ
1174 1876 1275 1938 κλείω.
1313 1874 1450 1957 ἧκοκλίς
1472 1898 1519 1944 τις
1534 1876 1619 1961 παρὰ
1632 1875 1692 1943 τοὺς

538 1984 667 2053 κύκλους
695 1984 766 2053 τοὺς
789 1985 1051 2069 ἀποτελουμένοος
1073 1986 1251 2071 κλειομένης
1273 1985 1376 2068 αὐτῆς.
1419 1984 1557 2067 Etymol.
1587 1986 1692 2051 Gudia·

538 2116 614 2159 num
643 2116 666 2159 s.
690 2117 719 2158 v.
742 2095 889 2160 mutilum
911 2102 972 2176 est,
1001 2096 1133 2180 novique
1161 2096 1286 2183 praebet
1314 2096 1407 2174 nihil;
1434 2095 1573 2179 Etymol.
1597 2104 1692 2163 autem

538 2193 645 2289 Magni
667 2207 815 2271 derivatio
843 2206 927 2276 haud
948 2228 1021 2271 sane
1044 2208 1108 2271 veri
1131 2215 1177 2272 est
1204 2206 1324 2271 similis
1368 2205 1492 2291 Κιγκλὶς
1515 2208 1605 2274 enim
1626 2209 1692 2289 avis,

539 2320 635 2382 πυκνὰ
656 2321 709 2402 τὴν
734 2321 824 2404 οὐρὰν
848 2324 983 2392 κινοῦσα,
1007 2319 1128 2384 videtur
1142 2320 1243 2406 potius
1266 2341 1284 2383 a
1302 2320 1396 2383 ianua
1417 2318 1479 2384 ista
1494 2340 1621 2406 semper
1635 2328 1692 2386 tur·

539 2431 611 2494 bata
625 2450 736 2514 nomen
752 2430 885 2493 duxisse.
907 2431 1014 2494 Altera
1029 2439 1133 2496 autem
1147 2431 1233 2495 verbi
1255 2451 1324 2515 pars
1340 2436 1428 2508 -κλις,
1450 2451 1552 2516 quum
1575 2454 1596 2498 a
1611 2436 1693 2511 κλείω

537 2541 622 2605 haud
644 2540 736 2604 dubie
758 2541 925 2605 derivanda
947 2541 997 2623 sit,
1021 2542 1117 2607 altera
1139 2564 1249 2607 sonum
1271 2543 1435 2628 strepentis
1456 2544 1574 2610 ianuae
1597 2545 1694 2612 imita·

538 2658 604 2732 tur3
627 2672 782 2737 compa-ros
804 2652 1001 2717 Homericum
1023 2657 1158 2738 κάγκανα
1183 2655 1265 2731 ξύλα,
1287 2654 1324 2717 do
1338 2654 1423 2738 ligno
1438 2655 1563 2722 dictum
1577 2664 1695 2746 propter

539 2765 726 2829 aritudincm
753 2770 889 2829 sonante.
934 2766 986 2829 An
1014 2767 1113 2829 mavis
1136 2767 1169 2830 in
1192 2792 1235 2830 κιν
1259 2766 1353 2831 latero
1375 2767 1484 2847 κινέω,
1507 2788 1695 2858 quoperpo

539 2881 612 2941 tuus
634 2881 735 2941 motus
757 2875 966 2958 significetur?
991 2883 1126 2965 συνεχῶς
1149 2879 1204 2964 γὰρ
1227 2878 1368 2962 εἰσῄεσαν
1391 2881 1441 2943 καὶ
1462 2878 1609 2965 ἐξῄεσαν.

624 2988 715 3054 Hunc
737 2990 832 3074 igitur
848 2990 1002 3055 dicasterii
1023 2989 1185 3053 introitum
1211 2989 1485 3056 thesmothetarum
1507 2993 1696 3059 custodiebat

537 3125 629 3181 unuS,
652 3109 706 3167 aut
728 3103 755 3167 si
777 3102 880 3165 decem
902 3101 1017 3164 iudicia
1038 3101 1143 3166 codem
1166 3101 1215 3164 die
1237 3102 1382 3166 constitui
1399 3104 1570 3188 oportebat,
1593 3104 1695 3189 singu-

438 3248 440 3253 ·
536 3216 576 3280 lis
598 3215 721 3279 iudiciis
749 3214 864 3296 singuli
893 3219 1055 3298 praeerant
1077 3213 1250 3295 archoum,
1285 3221 1321 3278 ut
1348 3215 1388 3278 ad
1415 3213 1552 3292 scribam
1579 3236 1695 3310 quoque

537 3327 697 3413 publicum
719 3325 752 3389 id
774 3325 932 3407 nogotium
952 3324 1128 3409 pertineret.
1174 3326 1233 3401 Qui
1255 3326 1424 3404 iudicibus,
1446 3325 1502 3391 ubi
1525 3320 1696 3393 mactaret

538 3459 616 3523 quac
638 3458 713 3522 opus
736 3442 837 3514 erant,
860 3442 1125 3517 monstraverunt,
1155 3437 1274 3502 aditum
1297 3444 1526 3516 comessorum,
1557 3461 1627 3506 sero
1648 3461 1695 3505 ve-

538 3550 658 3613 nientes
681 3568 791 3631 eosque
813 3548 993 3625 necessariis
1016 3550 1107 3613 robus
1122 3569 1185 3611 non
1206 3548 1372 3615 instructos
1394 3552 1433 3615 ab
1448 3549 1582 3616 introitu
1603 3551 1695 3618 inter-

538 3659 709 3738 cluserunt,
732 3664 768 3723 ut
788 3665 873 3743 patet
895 3681 932 3723 ex
953 3659 1044 3744 Vesp.
1069 3660 1150 3722 774:
1173 3659 1227 3724 κᾶν
1252 3659 1328 3747 ἔγρῃ
1355 3662 1576 3750 μεσημβρινός,
1600 3664 1695 3734 οδδείς

540 3772 568 3835 σ’
595 3774 766 3837 ἀποκλείσει
787 3772 976 3858 θεσμοθέτης
998 3780 1039 3855 τῇ
1060 3772 1195 3855 κιγκλίδι.
1240 3771 1322 3837 Hinc
1344 3776 1557 3860 κιγκλιδοίριοι,
1581 3776 1694 3843 canoel·

537 3883 617 3961 larii,
640 3884 739 3949 medio
762 3905 836 3948 aevo
858 3884 1055 3967 magistratus
1078 3903 1200 3964 nomen,
1222 3884 1305 3969 apud
1327 3882 1455 3949 Suidam
1478 3906 1504 3949 s.
1526 3907 1558 3951 ν.

622 3995 660 4060 Χ.
706 3995 885 4080 Sequuntur
907 3999 943 4061 αἱ·
967 3996 1135 4071 σανίδες,
1163 4015 1295 4079 quarum
1315 3996 1429 4082 triplex
1451 4001 1498 4061 est
1518 3998 1605 4084 apud
1626 3999 1694 4065 Ari-

536 4108 719 4193 stophanem
740 4129 830 4188 usus3
852 4108 886 4171 in
909 4108 999 4192 Vesp.
1013 4106 1074 4171 349
1097 4105 1273 4188 significant
1294 4107 1454 4190 caucellos,
1475 4108 1553 4174 ibid.
1565 4112 1630 4178 848
1651 4117 1693 4177 a·

537 4220 626 4285 bulas
653 4220 816 4304 quasdam3
843 4220 878 4285 in
907 4218 1211 4303 Thesmophoriazus.
1241 4220 1314 4284 931.
1345 4222 1525 4286 940.1165
1553 4243 1693 4299 asserem,

537 4332 589 4397 cui
610 4332 698 4398 lictor
721 4334 753 4418 (ὁ
771 4331 909 4417 τοξότης)
931 4330 1038 4413 alligat
1060 4330 1251 4395 damnatum.
1294 4332 1481 4397 Adversum
1506 4333 1593 4399 enim
1606 4333 1692 4419 Vesp.

538 4444 599 4508 349
623 4444 785 4512 scholiasta
806 4445 894 4507 haec:
924 4444 971 4506 διὰ
993 4447 1052 4507 τῶν
1077 4442 1221 4527 σανίδων]
1246 4448 1305 4508 τῶν
1330 4448 1524 4531 δροφοίκτων,
1550 4446 1600 4511 ίνα
1622 4446 1691 4530 λέγῃ

538 4558 678 4642 ἐπιθυμῶ,
703 4560 733 4621 ἐν
756 4564 801 4642 τῷ
824 4556 1003 4641 δικαστηρίῳ
1027 4556 1136 4620 ἐλθεῖν.
1182 4556 1354 4642 Vtrumque
1377 4556 1500 4633 videtur
1522 4556 1692 4655 significare
