<?xml version="1.0" encoding="UTF-8"?>
<!DOCTYPE html PUBLIC "-//W3C//DTD XHTML 1.0 Transitional//EN"
    "http://www.w3.org/TR/xhtml1/DTD/xhtml1-transitional.dtd">
<html xmlns="http://www.w3.org/1999/xhtml" xml:lang="en" lang="en">
 <head>
  <title>
</title>
<meta http-equiv="Content-Type" content="text/html;charset=utf-8" />
  <meta name='ocr-system' content='tesseract 3.04.00' />
  <meta name='ocr-capabilities' content='ocr_page ocr_carea ocr_par ocr_line ocrx_word'/>
</head>
<body>
  <div class='ocr_page' id='page_1' title='image "./vespaecumproleg00richgoog_0301.png"; bbox 0 0 4484 5467; ppageno 0'>
   <div class='ocr_carea' id='block_1_1' title="bbox 1014 646 1208 704">
    <p class='ocr_par' dir='ltr' id='par_1_1' title="bbox 1014 646 1208 704">
     <span class='ocr_line' id='line_1_1' title="bbox 1014 646 1208 704; baseline -0.01 -1"><span class='ocrx_word' id='word_1_1' title='bbox 1014 646 1208 704; x_wconf 75' lang='grc' dir='ltr'>ΣΦΗΚΕΣ</span> 
     </span>
    </p>
   </div>
   <div class='ocr_carea' id='block_1_2' title="bbox 576 822 1471 2805">
    <p class='ocr_par' dir='ltr' id='par_1_2' title="bbox 576 822 1471 2805">
     <span class='ocr_line' id='line_1_2' title="bbox 823 822 1423 911; baseline -0.002 -25"><span class='ocrx_word' id='word_1_2' title='bbox 823 826 915 911; x_wconf 83' lang='grc' dir='ltr'>πάρες</span> <span class='ocrx_word' id='word_1_3' title='bbox 940 824 964 885; x_wconf 87' lang='grc' dir='ltr'>ὦ</span> <span class='ocrx_word' id='word_1_4' title='bbox 990 825 1100 909; x_wconf 79' lang='grc' dir='ltr'>σκιερά.</span> <span class='ocrx_word' id='word_1_5' title='bbox 1126 824 1167 906; x_wconf 82' lang='grc' dir='ltr'>μδι</span> <span class='ocrx_word' id='word_1_6' title='bbox 1189 823 1238 885; x_wconf 88' lang='grc' dir='ltr'>τδν</span> <span class='ocrx_word' id='word_1_7' title='bbox 1259 822 1423 907; x_wconf 68' lang='grc' dir='ltr'>ιΗρακλέα,</span> 
     </span>
     <span class='ocr_line' id='line_1_3' title="bbox 823 933 1421 1019; baseline -0.005 -20"><span class='ocrx_word' id='word_1_8' title='bbox 823 937 864 1019; x_wconf 83' lang='grc' dir='ltr'>μὴ</span> <span class='ocrx_word' id='word_1_9' title='bbox 889 939 942 999; x_wconf 82' lang='grc' dir='ltr'>νῦν</span> <span class='ocrx_word' id='word_1_10' title='bbox 967 933 1011 998; x_wconf 84' lang='grc' dir='ltr'>ἔτ’</span> <span class='ocrx_word' id='word_1_11' title='bbox 1037 936 1098 1017; x_wconf 74' lang='grc' dir='ltr'>ἐγὼ</span> <span class='ocrx_word' id='word_1_12' title='bbox 1120 933 1144 996; x_wconf 92' lang='grc' dir='ltr'>’ν</span> <span class='ocrx_word' id='word_1_13' title='bbox 1167 939 1245 996; x_wconf 85' lang='grc' dir='ltr'>τοῖσι</span> <span class='ocrx_word' id='word_1_14' title='bbox 1270 936 1421 1002; x_wconf 81' lang='grc' dir='ltr'>δικασταῖς</span> 
     </span>
     <span class='ocr_line' id='line_1_4' title="bbox 862 1044 1335 1131; baseline -0.008 -21"><span class='ocrx_word' id='word_1_15' title='bbox 862 1046 1026 1111; x_wconf 85' lang='grc' dir='ltr'>κλέπτοντα</span> <span class='ocrx_word' id='word_1_16' title='bbox 1048 1044 1179 1109; x_wconf 81' lang='grc' dir='ltr'>Κλέωνα</span> <span class='ocrx_word' id='word_1_17' title='bbox 1203 1047 1335 1131; x_wconf 81' lang='grc' dir='ltr'>λάβοιμι.</span> 
     </span>
     <span class='ocr_line' id='line_1_5' title="bbox 989 1168 1225 1226; baseline -0.013 0"><span class='ocrx_word' id='word_1_18' title='bbox 989 1168 1225 1226; x_wconf 76' lang='grc' dir='ltr'>ΒΔΕΛΥΚΛΕΩΝ.</span> 
     </span>
     <span class='ocr_line' id='line_1_6' title="bbox 576 1268 1419 1356; baseline 0.004 -28"><span class='ocrx_word' id='word_1_19' title='bbox 576 1273 610 1328; x_wconf 73' lang='lat' dir='ltr'>lto</span> <span class='ocrx_word' id='word_1_20' title='bbox 689 1268 729 1333; x_wconf 77' lang='grc' dir='ltr'>ἴδ’</span> <span class='ocrx_word' id='word_1_21' title='bbox 755 1271 781 1332; x_wconf 84' lang='grc' dir='ltr'><em>ὦ</em></span> <span class='ocrx_word' id='word_1_22' title='bbox 805 1273 907 1356; x_wconf 78' lang='grc' dir='ltr'>πάτερ,</span> <span class='ocrx_word' id='word_1_23' title='bbox 931 1271 1005 1356; x_wconf 87' lang='grc' dir='ltr'>πρδς</span> <span class='ocrx_word' id='word_1_24' title='bbox 1027 1273 1086 1332; x_wconf 87' lang='grc' dir='ltr'>τῶν</span> <span class='ocrx_word' id='word_1_25' title='bbox 1111 1271 1203 1343; x_wconf 73' lang='grc' dir='ltr'>θεῶν,</span> <span class='ocrx_word' id='word_1_26' title='bbox 1226 1270 1295 1352; x_wconf 80' lang='grc' dir='ltr'>ἐμοὶ</span> <span class='ocrx_word' id='word_1_27' title='bbox 1317 1269 1419 1331; x_wconf 79' lang='grc' dir='ltr'>πιδοῡ.</span> 
     </span>
     <span class='ocr_line' id='line_1_7' title="bbox 1003 1391 1210 1449; baseline 0 -1"><span class='ocrx_word' id='word_1_28' title='bbox 1003 1391 1210 1449; x_wconf 74' lang='grc' dir='ltr'>ΦΙΛΟΚΛΕΩΝ.</span> 
     </span>
     <span class='ocr_line' id='line_1_8' title="bbox 687 1489 1471 1577; baseline -0.001 -24"><span class='ocrx_word' id='word_1_29' title='bbox 687 1492 713 1553; x_wconf 87' lang='grc' dir='ltr'>τί</span> <span class='ocrx_word' id='word_1_30' title='bbox 734 1514 781 1554; x_wconf 85' lang='grc' dir='ltr'>σοι</span> <span class='ocrx_word' id='word_1_31' title='bbox 806 1492 959 1574; x_wconf 79' lang='grc' dir='ltr'>πίλλωμαι;</span> <span class='ocrx_word' id='word_1_32' title='bbox 983 1490 1047 1573; x_wconf 73' lang='grc' dir='ltr'>λέγ’</span> <span class='ocrx_word' id='word_1_33' title='bbox 1073 1489 1091 1551; x_wconf 77' lang='grc' dir='ltr'>δ’</span> <span class='ocrx_word' id='word_1_34' title='bbox 1111 1515 1137 1554; x_wconf 91' lang='grc' dir='ltr'>τι</span> <span class='ocrx_word' id='word_1_35' title='bbox 1162 1490 1273 1577; x_wconf 77' lang='grc' dir='ltr'>βούλει,</span> <span class='ocrx_word' id='word_1_36' title='bbox 1296 1493 1371 1575; x_wconf 83' lang='grc' dir='ltr'>πλὴν</span> <span class='ocrx_word' id='word_1_37' title='bbox 1395 1490 1471 1560; x_wconf 83' lang='grc' dir='ltr'>ἑνάς.</span> 
     </span>
     <span class='ocr_line' id='line_1_9' title="bbox 992 1613 1228 1671; baseline -0.004 -1"><span class='ocrx_word' id='word_1_38' title='bbox 992 1613 1228 1671; x_wconf 77' lang='grc' dir='ltr'>ΒΔΕΛΥΚΛΕΩΝ.</span> 
     </span>
     <span class='ocr_line' id='line_1_10' title="bbox 688 1711 977 1798; baseline -0.007 -22"><span class='ocrx_word' id='word_1_39' title='bbox 688 1714 793 1790; x_wconf 76' lang='grc' dir='ltr'>ποίους</span> <span class='ocrx_word' id='word_1_40' title='bbox 818 1713 886 1798; x_wconf 84' lang='grc' dir='ltr'>φέρ’</span> <span class='ocrx_word' id='word_1_41' title='bbox 912 1711 977 1776; x_wconf 80' lang='grc' dir='ltr'>ἴδω.</span> 
     </span>
     <span class='ocr_line' id='line_1_11' title="bbox 1006 1835 1212 1893; baseline -0.005 -1"><span class='ocrx_word' id='word_1_42' title='bbox 1006 1835 1212 1893; x_wconf 77' lang='grc' dir='ltr'>ΦΙΛΟΚΑΕΩΝ.</span> 
     </span>
     <span class='ocr_line' id='line_1_12' title="bbox 996 1936 1448 2018; baseline -0.002 -20"><span class='ocrx_word' id='word_1_43' title='bbox 996 1939 1049 1998; x_wconf 83' lang='grc' dir='ltr'>τοῦ</span> <span class='ocrx_word' id='word_1_44' title='bbox 1076 1936 1116 2018; x_wconf 84' lang='grc' dir='ltr'>μὴ</span> <span class='ocrx_word' id='word_1_45' title='bbox 1141 1937 1278 2008; x_wconf 80' lang='grc' dir='ltr'>δικάζειν.</span> <span class='ocrx_word' id='word_1_46' title='bbox 1302 1939 1391 1998; x_wconf 81' lang='grc' dir='ltr'>τοῦτο</span> <span class='ocrx_word' id='word_1_47' title='bbox 1415 1937 1448 1999; x_wconf 83' lang='grc' dir='ltr'>δὲ</span> 
     </span>
     <span class='ocr_line' id='line_1_13' title="bbox 684 2044 1416 2133; baseline -0.003 -21"><span class='ocrx_word' id='word_1_48' title='bbox 684 2044 790 2133; x_wconf 78' lang='grc' dir='ltr'>Ἀιδης</span> <span class='ocrx_word' id='word_1_49' title='bbox 813 2052 957 2133; x_wconf 86' lang='grc' dir='ltr'>διακρινεῖ</span> <span class='ocrx_word' id='word_1_50' title='bbox 977 2047 1120 2131; x_wconf 79' lang='grc' dir='ltr'>πρότερον</span> <span class='ocrx_word' id='word_1_51' title='bbox 1144 2048 1163 2130; x_wconf 77' lang='grc' dir='ltr'>ἦ</span> <span class='ocrx_word' id='word_1_52' title='bbox 1186 2046 1240 2129; x_wconf 85' lang='grc' dir='ltr'>ἠὼ</span> <span class='ocrx_word' id='word_1_53' title='bbox 1264 2048 1416 2132; x_wconf 77' lang='grc' dir='ltr'>πείσομαι.</span> 
     </span>
     <span class='ocr_line' id='line_1_14' title="bbox 991 2171 1226 2229; baseline 0.004 -3"><span class='ocrx_word' id='word_1_54' title='bbox 991 2171 1226 2229; x_wconf 79' lang='grc' dir='ltr'>ΒΔΕΛΥΚΛΕΩΝ.</span> 
     </span>
     <span class='ocr_line' id='line_1_15' title="bbox 690 2269 1428 2357; baseline 0 -22"><span class='ocrx_word' id='word_1_55' title='bbox 690 2272 725 2335; x_wconf 82' lang='grc' dir='ltr'>σὺ</span> <span class='ocrx_word' id='word_1_56' title='bbox 750 2272 778 2336; x_wconf 89' lang='grc' dir='ltr'>δ’</span> <span class='ocrx_word' id='word_1_57' title='bbox 806 2269 867 2347; x_wconf 81' lang='grc' dir='ltr'>οὖν,</span> <span class='ocrx_word' id='word_1_58' title='bbox 890 2272 992 2354; x_wconf 81' lang='grc' dir='ltr'>ἐπειδὴ</span> <span class='ocrx_word' id='word_1_59' title='bbox 1017 2275 1106 2335; x_wconf 78' lang='grc' dir='ltr'>τοῦτο</span> <span class='ocrx_word' id='word_1_60' title='bbox 1130 2274 1299 2357; x_wconf 80' lang='grc' dir='ltr'>κεχάρηκας</span> <span class='ocrx_word' id='word_1_61' title='bbox 1321 2277 1428 2348; x_wconf 86' lang='grc' dir='ltr'>ποιῶν,</span> 
     </span>
     <span class='ocr_line' id='line_1_16' title="bbox 585 2381 1348 2470; baseline -0.001 -24"><span class='ocrx_word' id='word_1_62' title='bbox 585 2389 599 2416; x_wconf 69' lang='lat'><strong><em>⁷</em></strong></span> <span class='ocrx_word' id='word_1_63' title='bbox 685 2384 788 2458; x_wconf 55' lang='grc' dir='ltr'>,ἐκεῖσε</span> <span class='ocrx_word' id='word_1_64' title='bbox 812 2384 865 2467; x_wconf 87' lang='grc' dir='ltr'>μὲν</span> <span class='ocrx_word' id='word_1_65' title='bbox 892 2382 994 2467; x_wconf 81' lang='grc' dir='ltr'>μηκέτι</span> <span class='ocrx_word' id='word_1_66' title='bbox 1018 2382 1129 2470; x_wconf 72' lang='grc' dir='ltr'>βάδιζ’,</span> <span class='ocrx_word' id='word_1_67' title='bbox 1152 2381 1215 2445; x_wconf 85' lang='grc' dir='ltr'>ἀλλ’</span> <span class='ocrx_word' id='word_1_68' title='bbox 1240 2383 1348 2446; x_wconf 75' lang='grc' dir='ltr'>ἐνθάδε</span> 
     </span>
     <span class='ocr_line' id='line_1_17' title="bbox 689 2494 1309 2579; baseline -0.003 -21"><span class='ocrx_word' id='word_1_69' title='bbox 689 2496 783 2559; x_wconf 82' lang='grc' dir='ltr'>αὐτοῦ</span> <span class='ocrx_word' id='word_1_70' title='bbox 809 2495 908 2579; x_wconf 89' lang='grc' dir='ltr'>μένων</span> <span class='ocrx_word' id='word_1_71' title='bbox 933 2496 1034 2567; x_wconf 72' lang='grc' dir='ltr'>δίκαζε</span> <span class='ocrx_word' id='word_1_72' title='bbox 1055 2499 1149 2557; x_wconf 80' lang='grc' dir='ltr'>τοῖσιν</span> <span class='ocrx_word' id='word_1_73' title='bbox 1175 2494 1309 2565; x_wconf 82' lang='grc' dir='ltr'>οἰκέταις.</span> 
     </span>
     <span class='ocr_line' id='line_1_18' title="bbox 1009 2587 1215 2677; baseline 0 -1"><span class='ocrx_word' id='word_1_74' title='bbox 1009 2587 1215 2677; x_wconf 75' lang='grc' dir='ltr'>οιλολιοοιι.</span> 
     </span>
     <span class='ocr_line' id='line_1_19' title="bbox 690 2720 1037 2805; baseline 0.014 -22"><span class='ocrx_word' id='word_1_75' title='bbox 690 2721 758 2805; x_wconf 80' lang='grc' dir='ltr'>περὶ</span> <span class='ocrx_word' id='word_1_76' title='bbox 778 2724 848 2796; x_wconf 85' lang='grc' dir='ltr'>τοδ;</span> <span class='ocrx_word' id='word_1_77' title='bbox 871 2720 899 2783; x_wconf 85' lang='grc' dir='ltr'>τί</span> <span class='ocrx_word' id='word_1_78' title='bbox 920 2724 1037 2805; x_wconf 75' lang='grc' dir='ltr'>ληρεῖς;</span> 
     </span>
    </p>
   </div>
   <div class='ocr_carea' id='block_1_3' title="bbox 582 2953 1418 3151">
    <p class='ocr_par' dir='ltr' id='par_1_3' title="bbox 582 2953 1418 3151">
     <span class='ocr_line' id='line_1_20' title="bbox 582 2953 1384 3050; baseline -0.001 -21"><span class='ocrx_word' id='word_1_79' title='bbox 582 2977 665 3032; x_wconf 67' lang='grc'>1758.</span> <span class='ocrx_word' id='word_1_80' title='bbox 701 2979 738 3047; x_wconf 82' lang='grc' dir='ltr'>μὴ</span> <span class='ocrx_word' id='word_1_81' title='bbox 757 2979 802 3030; x_wconf 79' lang='grc' dir='ltr'>νῦν</span> <span class='ocrx_word' id='word_1_82' title='bbox 821 2976 899 3045; x_wconf 82' lang='lat' dir='ltr'>vulgo</span> <span class='ocrx_word' id='word_1_83' title='bbox 916 2979 992 3029; x_wconf 84' lang='lat' dir='ltr'>reete.</span> <span class='ocrx_word' id='word_1_84' title='bbox 1025 2978 1061 3050; x_wconf 76' lang='grc' dir='ltr'>μη</span> <span class='ocrx_word' id='word_1_85' title='bbox 1080 2996 1124 3029; x_wconf 88' lang='grc' dir='ltr'>νυν</span> <span class='ocrx_word' id='word_1_86' title='bbox 1144 2975 1205 3029; x_wconf 70' lang='lat' dir='ltr'>(lob.</span> <span class='ocrx_word' id='word_1_87' title='bbox 1224 2976 1314 3028; x_wconf 84' lang='lat' dir='ltr'>linem.</span> <span class='ocrx_word' id='word_1_88' title='bbox 1333 2953 1349 3028; x_wconf 70' lang='lat'>1&#39;.</span> <span class='ocrx_word' id='word_1_89' title='bbox 1368 2975 1384 3028; x_wconf 91' lang='lat' dir='ltr'>l.</span> 
     </span>
     <span class='ocr_line' id='line_1_21' title="bbox 641 3078 1418 3151; baseline 0.001 -19"><span class='ocrx_word' id='word_1_90' title='bbox 641 3081 705 3151; x_wconf 72' lang='grc' dir='ltr'>ἐρὼν</span> <span class='ocrx_word' id='word_1_91' title='bbox 723 3081 754 3133; x_wconf 87' lang='lat' dir='ltr'>R.</span> <span class='ocrx_word' id='word_1_92' title='bbox 773 3078 833 3149; x_wconf 77' lang='grc' dir='ltr'>(ἐγώ</span> <span class='ocrx_word' id='word_1_93' title='bbox 852 3079 876 3130; x_wconf 80' lang='grc' dir='ltr'>ἐν</span> <span class='ocrx_word' id='word_1_94' title='bbox 895 3078 927 3130; x_wconf 87' lang='lat' dir='ltr'>R.</span> <span class='ocrx_word' id='word_1_95' title='bbox 945 3094 995 3132; x_wconf 86' lang='lat' dir='ltr'>seo.</span> <span class='ocrx_word' id='word_1_96' title='bbox 1014 3079 1054 3142; x_wconf 90' lang='lat' dir='ltr'>D.)</span> <span class='ocrx_word' id='word_1_97' title='bbox 1073 3080 1150 3150; x_wconf 60' lang='grc' dir='ltr'>ἐγὼν</span> <span class='ocrx_word' id='word_1_98' title='bbox 1169 3080 1200 3134; x_wconf 90' lang='lat' dir='ltr'>V.</span> <span class='ocrx_word' id='word_1_99' title='bbox 1218 3095 1269 3132; x_wconf 85' lang='lat' dir='ltr'>seo.</span> <span class='ocrx_word' id='word_1_100' title='bbox 1288 3078 1316 3133; x_wconf 77' lang='lat' dir='ltr'>d.</span> <span class='ocrx_word' id='word_1_101' title='bbox 1333 3080 1418 3148; x_wconf 76' lang='lat' dir='ltr'>vulgo.</span> 
     </span>
    </p>
   </div>
   <div class='ocr_carea' id='block_1_4' title="bbox 581 3184 1694 3518">
    <p class='ocr_par' dir='ltr' id='par_1_4' title="bbox 581 3184 1694 3518">
     <span class='ocr_line' id='line_1_22' title="bbox 581 3184 1692 3260; baseline 0.003 -19"><span class='ocrx_word' id='word_1_102' title='bbox 581 3206 599 3243; x_wconf 84' lang='lat' dir='ltr'>r.</span> <span class='ocrx_word' id='word_1_103' title='bbox 612 3192 666 3245; x_wconf 84' lang='grc'>761.</span> <span class='ocrx_word' id='word_1_104' title='bbox 701 3189 820 3259; x_wconf 67' lang='grc' dir='ltr'>πείθομαι</span> <span class='ocrx_word' id='word_1_105' title='bbox 843 3190 872 3241; x_wconf 79' lang='lat' dir='ltr'>R.</span> <span class='ocrx_word' id='word_1_106' title='bbox 896 3189 928 3242; x_wconf 83' lang='lat' dir='ltr'>V.</span> <span class='ocrx_word' id='word_1_107' title='bbox 947 3184 977 3246; x_wconf 87' lang='grc' dir='ltr'>Γ.</span> <span class='ocrx_word' id='word_1_108' title='bbox 1000 3190 1098 3245; x_wconf 83' lang='grc' dir='ltr'>Ιιινοτιι.</span> <span class='ocrx_word' id='word_1_109' title='bbox 1125 3188 1245 3260; x_wconf 71' lang='grc' dir='ltr'>πείθομαί</span> <span class='ocrx_word' id='word_1_110' title='bbox 1262 3209 1299 3242; x_wconf 83' lang='grc' dir='ltr'>σοι</span> <span class='ocrx_word' id='word_1_111' title='bbox 1317 3189 1374 3242; x_wconf 83' lang='grc' dir='ltr'>Αλιλ.</span> <span class='ocrx_word' id='word_1_112' title='bbox 1399 3189 1465 3243; x_wconf 89' lang='lat' dir='ltr'>lunt.</span> <span class='ocrx_word' id='word_1_113' title='bbox 1487 3190 1561 3243; x_wconf 88' lang='lat' dir='ltr'>Kust.</span> <span class='ocrx_word' id='word_1_114' title='bbox 1583 3190 1692 3244; x_wconf 87' lang='lat' dir='ltr'>Bruuok.</span> 
     </span>
     <span class='ocr_line' id='line_1_23' title="bbox 608 3273 1694 3345; baseline 0 -17"><span class='ocrx_word' id='word_1_115' title='bbox 608 3278 632 3330; x_wconf 78' lang='grc' dir='ltr'>τί</span> <span class='ocrx_word' id='word_1_116' title='bbox 647 3297 683 3331; x_wconf 83' lang='grc' dir='ltr'>σοι</span> <span class='ocrx_word' id='word_1_117' title='bbox 701 3274 816 3345; x_wconf 75' lang='grc' dir='ltr'>πίθωμαι</span> <span class='ocrx_word' id='word_1_118' title='bbox 838 3276 942 3330; x_wconf 91' lang='lat' dir='ltr'>Porson.</span> <span class='ocrx_word' id='word_1_119' title='bbox 965 3279 1126 3330; x_wconf 78' lang='lat' dir='ltr'>recentiores.</span> <span class='ocrx_word' id='word_1_120' title='bbox 1155 3275 1180 3327; x_wconf 80' lang='grc' dir='ltr'>τί</span> <span class='ocrx_word' id='word_1_121' title='bbox 1200 3274 1317 3343; x_wconf 81' lang='grc' dir='ltr'>πείσομαί</span> <span class='ocrx_word' id='word_1_122' title='bbox 1338 3292 1376 3325; x_wconf 86' lang='grc' dir='ltr'>σοι</span> <span class='ocrx_word' id='word_1_123' title='bbox 1394 3273 1476 3327; x_wconf 87' lang='lat' dir='ltr'>Bentl.</span> <span class='ocrx_word' id='word_1_124' title='bbox 1511 3275 1591 3326; x_wconf 79' lang='lat' dir='ltr'>Recta</span> <span class='ocrx_word' id='word_1_125' title='bbox 1608 3291 1694 3343; x_wconf 86' lang='lat' dir='ltr'>perso-</span> 
     </span>
     <span class='ocr_line' id='line_1_24' title="bbox 608 3357 1693 3430; baseline 0.002 -17"><span class='ocrx_word' id='word_1_126' title='bbox 608 3379 695 3415; x_wconf 87' lang='lat' dir='ltr'>narum</span> <span class='ocrx_word' id='word_1_127' title='bbox 714 3361 858 3413; x_wconf 85' lang='lat' dir='ltr'>distributio</span> <span class='ocrx_word' id='word_1_128' title='bbox 877 3361 984 3413; x_wconf 87' lang='lat' dir='ltr'>debetur</span> <span class='ocrx_word' id='word_1_129' title='bbox 1001 3362 1130 3430; x_wconf 75' lang='lat' dir='ltr'>Berglero.</span> <span class='ocrx_word' id='word_1_130' title='bbox 1147 3391 1180 3399; x_wconf 94' lang='lat'>—</span> <span class='ocrx_word' id='word_1_131' title='bbox 1199 3358 1272 3413; x_wconf 88' lang='grc' dir='ltr'>Βδελ.</span> <span class='ocrx_word' id='word_1_132' title='bbox 1292 3360 1342 3430; x_wconf 77' lang='grc' dir='ltr'>λέγ’</span> <span class='ocrx_word' id='word_1_133' title='bbox 1364 3389 1397 3397; x_wconf 91' lang='grc'>-</span> <span class='ocrx_word' id='word_1_134' title='bbox 1415 3357 1463 3412; x_wconf 80' lang='lat' dir='ltr'>on</span> <span class='ocrx_word' id='word_1_135' title='bbox 1488 3361 1560 3413; x_wconf 80' lang='grc' dir='ltr'>ποίου</span> <span class='ocrx_word' id='word_1_136' title='bbox 1574 3390 1606 3398; x_wconf 92' lang='grc'>-</span> <span class='ocrx_word' id='word_1_137' title='bbox 1619 3358 1693 3416; x_wconf 84' lang='grc' dir='ltr'>Βδελ.</span> 
     </span>
     <span class='ocr_line' id='line_1_25' title="bbox 606 3441 1248 3518; baseline 0.006 -21"><span class='ocrx_word' id='word_1_138' title='bbox 606 3450 650 3497; x_wconf 83' lang='grc' dir='ltr'>τοῦ</span> <span class='ocrx_word' id='word_1_139' title='bbox 669 3447 705 3518; x_wconf 79' lang='grc' dir='ltr'>μὴ</span> <span class='ocrx_word' id='word_1_140' title='bbox 720 3475 752 3482; x_wconf 89' lang='grc'>-</span> <span class='ocrx_word' id='word_1_141' title='bbox 766 3441 823 3496; x_wconf 76' lang='lat' dir='ltr'>dn.</span> <span class='ocrx_word' id='word_1_142' title='bbox 836 3449 911 3497; x_wconf 82' lang='grc' dir='ltr'>τοῦτο</span> <span class='ocrx_word' id='word_1_143' title='bbox 929 3445 955 3497; x_wconf 85' lang='grc' dir='ltr'>δὲ</span> <span class='ocrx_word' id='word_1_144' title='bbox 969 3476 1001 3483; x_wconf 88' lang='grc'><strong>-</strong></span> <span class='ocrx_word' id='word_1_145' title='bbox 1015 3448 1071 3501; x_wconf 82' lang='lat' dir='ltr'>nld.</span> <span class='ocrx_word' id='word_1_146' title='bbox 1090 3448 1156 3502; x_wconf 88' lang='lat' dir='ltr'>lunt.</span> <span class='ocrx_word' id='word_1_147' title='bbox 1174 3449 1248 3502; x_wconf 85' lang='lat' dir='ltr'>Kust.</span> 
     </span>
    </p>
   </div>
   <div class='ocr_carea' id='block_1_5' title="bbox 535 3683 1697 4621">
    <p class='ocr_par' dir='ltr' id='par_1_5' title="bbox 535 3683 1696 4104">
     <span class='ocr_line' id='line_1_26' title="bbox 590 3683 1694 3761; baseline 0 -22"><span class='ocrx_word' id='word_1_148' title='bbox 590 3704 613 3739; x_wconf 83' lang='lat' dir='ltr'>v.</span> <span class='ocrx_word' id='word_1_149' title='bbox 632 3686 691 3741; x_wconf 81' lang='grc'>757.</span> <span class='ocrx_word' id='word_1_150' title='bbox 726 3688 803 3759; x_wconf 81' lang='grc' dir='ltr'>πάρες</span> <span class='ocrx_word' id='word_1_151' title='bbox 821 3686 843 3738; x_wconf 86' lang='grc' dir='ltr'>ὦ</span> <span class='ocrx_word' id='word_1_152' title='bbox 861 3689 953 3759; x_wconf 81' lang='grc' dir='ltr'>σκιερά.</span> <span class='ocrx_word' id='word_1_153' title='bbox 984 3688 1023 3740; x_wconf 80' lang='lat' dir='ltr'>Ex</span> <span class='ocrx_word' id='word_1_154' title='bbox 1041 3687 1090 3739; x_wconf 84' lang='lat' dir='ltr'>Eu·</span> <span class='ocrx_word' id='word_1_155' title='bbox 1139 3687 1177 3756; x_wconf 74' lang='grc' dir='ltr'>τῷ</span> <span class='ocrx_word' id='word_1_156' title='bbox 1197 3683 1309 3751; x_wconf 80' lang='grc' dir='ltr'>Κλέωνι,</span> <span class='ocrx_word' id='word_1_157' title='bbox 1331 3687 1377 3760; x_wconf 78' lang='grc' dir='ltr'>ἀφ’</span> <span class='ocrx_word' id='word_1_158' title='bbox 1403 3687 1432 3740; x_wconf 84' lang='grc' dir='ltr'>οὗ</span> <span class='ocrx_word' id='word_1_159' title='bbox 1455 3687 1485 3739; x_wconf 89' lang='grc' dir='ltr'>τὸ</span> <span class='ocrx_word' id='word_1_160' title='bbox 1508 3686 1589 3756; x_wconf 78' lang='grc' dir='ltr'>ὄνομα</span> <span class='ocrx_word' id='word_1_161' title='bbox 1612 3686 1694 3761; x_wconf 77' lang='grc' dir='ltr'><strong>ἔχειὸ</strong></span> 
     </span>
     <span class='ocr_line' id='line_1_27' title="bbox 535 3770 1587 3845; baseline 0.001 -19"><span class='ocrx_word' id='word_1_162' title='bbox 535 3774 625 3843; x_wconf 73' lang='lat' dir='ltr'>rioldis</span> <span class='ocrx_word' id='word_1_163' title='bbox 654 3772 867 3841; x_wconf 84' lang='lat' dir='ltr'>Bellerophonte,</span> <span class='ocrx_word' id='word_1_164' title='bbox 900 3774 966 3826; x_wconf 89' lang='lat' dir='ltr'>unde</span> <span class='ocrx_word' id='word_1_165' title='bbox 996 3775 1091 3843; x_wconf 84' lang='lat' dir='ltr'>aliquot</span> <span class='ocrx_word' id='word_1_166' title='bbox 1140 3770 1296 3837; x_wconf 74' lang='grc' dir='ltr'>Φιλοκλέων,</span> <span class='ocrx_word' id='word_1_167' title='bbox 1313 3774 1399 3826; x_wconf 85' lang='grc' dir='ltr'>πιστόν</span> <span class='ocrx_word' id='word_1_168' title='bbox 1418 3792 1442 3825; x_wconf 91' lang='grc' dir='ltr'>τι</span> <span class='ocrx_word' id='word_1_169' title='bbox 1460 3773 1587 3845; x_wconf 80' lang='grc' dir='ltr'>φυλάττει.</span> 
     </span>
     <span class='ocr_line' id='line_1_28' title="bbox 537 3856 1695 3929; baseline -0.002 -16"><span class='ocrx_word' id='word_1_170' title='bbox 537 3874 625 3913; x_wconf 76' lang='lat' dir='ltr'>versus</span> <span class='ocrx_word' id='word_1_171' title='bbox 643 3858 779 3911; x_wconf 82' lang='lat' dir='ltr'>scholiasta</span> <span class='ocrx_word' id='word_1_172' title='bbox 797 3858 876 3911; x_wconf 80' lang='lat' dir='ltr'>affert</span> <span class='ocrx_word' id='word_1_173' title='bbox 914 3859 951 3912; x_wconf 82' lang='lat' dir='ltr'>Gt.</span> <span class='ocrx_word' id='word_1_174' title='bbox 970 3860 1090 3912; x_wconf 84' lang='lat' dir='ltr'>Valoken</span> <span class='ocrx_word' id='word_1_175' title='bbox 1191 3876 1214 3911; x_wconf 88' lang='grc' dir='ltr'>ν.</span> <span class='ocrx_word' id='word_1_176' title='bbox 1225 3859 1283 3911; x_wconf 86' lang='grc'>761.</span> <span class='ocrx_word' id='word_1_177' title='bbox 1301 3856 1427 3929; x_wconf 78' lang='grc' dir='ltr'>πίδωμαιι</span> <span class='ocrx_word' id='word_1_178' title='bbox 1440 3860 1472 3913; x_wconf 85' lang='lat' dir='ltr'>of.</span> <span class='ocrx_word' id='word_1_179' title='bbox 1483 3860 1643 3913; x_wconf 82' lang='lat' dir='ltr'>Herm.Nub.</span> <span class='ocrx_word' id='word_1_180' title='bbox 1654 3860 1695 3912; x_wconf 75' lang='lat'>88.</span> 
     </span>
     <span class='ocr_line' id='line_1_29' title="bbox 536 3942 1696 4018; baseline -0.002 -19"><span class='ocrx_word' id='word_1_181' title='bbox 536 3946 644 3999; x_wconf 82' lang='lat' dir='ltr'>Diatrib.</span> <span class='ocrx_word' id='word_1_182' title='bbox 666 3961 692 4013; x_wconf 90' lang='lat' dir='ltr'>p.</span> <span class='ocrx_word' id='word_1_183' title='bbox 713 3944 768 3997; x_wconf 74' lang='grc'>166.</span> <span class='ocrx_word' id='word_1_184' title='bbox 797 3944 887 4013; x_wconf 83' lang='lat' dir='ltr'>Bergk.</span> <span class='ocrx_word' id='word_1_185' title='bbox 913 3962 953 4014; x_wconf 83' lang='lat' dir='ltr'>ap.</span> <span class='ocrx_word' id='word_1_186' title='bbox 971 3947 1045 3998; x_wconf 83' lang='lat' dir='ltr'>Mein.</span> <span class='ocrx_word' id='word_1_187' title='bbox 1064 3945 1092 3998; x_wconf 81' lang='lat' dir='ltr'>G.</span> <span class='ocrx_word' id='word_1_188' title='bbox 1193 3961 1216 3996; x_wconf 82' lang='lat' dir='ltr'>r.</span> <span class='ocrx_word' id='word_1_189' title='bbox 1236 3944 1294 3996; x_wconf 83' lang='grc'>763.</span> <span class='ocrx_word' id='word_1_190' title='bbox 1320 3942 1429 4018; x_wconf 72' lang='grc' dir='ltr'>Ἀιδηςε</span> <span class='ocrx_word' id='word_1_191' title='bbox 1456 3947 1535 3999; x_wconf 84' lang='lat' dir='ltr'>schol.</span> <span class='ocrx_word' id='word_1_192' title='bbox 1562 3946 1588 3997; x_wconf 79' lang='grc' dir='ltr'>ἐν</span> <span class='ocrx_word' id='word_1_193' title='bbox 1611 3942 1696 4018; x_wconf 75' lang='grc' dir='ltr'>Κρησ-</span> 
     </span>
     <span class='ocr_line' id='line_1_30' title="bbox 535 4027 1695 4104; baseline -0.002 -20"><span class='ocrx_word' id='word_1_194' title='bbox 535 4032 602 4101; x_wconf 83' lang='grc' dir='ltr'>Πρ.</span> <span class='ocrx_word' id='word_1_195' title='bbox 623 4030 697 4083; x_wconf 78' lang='lat'>1092.</span> <span class='ocrx_word' id='word_1_196' title='bbox 1144 4049 1197 4089; x_wconf 86' lang='grc' dir='ltr'>σαις</span> <span class='ocrx_word' id='word_1_197' title='bbox 1226 4027 1359 4101; x_wconf 73' lang='grc' dir='ltr'>Εὐριπίδου</span> <span class='ocrx_word' id='word_1_198' title='bbox 1388 4030 1401 4083; x_wconf 81' lang='grc' dir='ltr'>ὁ</span> <span class='ocrx_word' id='word_1_199' title='bbox 1428 4028 1534 4104; x_wconf 83' lang='grc' dir='ltr'>Ἀτρεὺς</span> <span class='ocrx_word' id='word_1_200' title='bbox 1561 4031 1624 4103; x_wconf 87' lang='grc' dir='ltr'>πρὸς</span> <span class='ocrx_word' id='word_1_201' title='bbox 1648 4032 1695 4100; x_wconf 81' lang='grc' dir='ltr'>τὴν</span> 
     </span>
    </p>

    <p class='ocr_par' dir='ltr' id='par_1_6' title="bbox 536 4112 1697 4621">
     <span class='ocr_line' id='line_1_31' title="bbox 589 4112 1695 4190; baseline -0.001 -21"><span class='ocrx_word' id='word_1_202' title='bbox 589 4134 612 4170; x_wconf 86' lang='grc' dir='ltr'>ν.</span> <span class='ocrx_word' id='word_1_203' title='bbox 633 4115 691 4170; x_wconf 85' lang='grc'>759.</span> <span class='ocrx_word' id='word_1_204' title='bbox 726 4116 879 4169; x_wconf 64' lang='grc' dir='ltr'>κλέπτοντας</span> <span class='ocrx_word' id='word_1_205' title='bbox 902 4117 981 4171; x_wconf 84' lang='lat' dir='ltr'>sehol.</span> <span class='ocrx_word' id='word_1_206' title='bbox 1000 4116 1093 4169; x_wconf 75' lang='grc' dir='ltr'>ἀπειλεῖ</span> <span class='ocrx_word' id='word_1_207' title='bbox 1143 4112 1277 4190; x_wconf 83' lang='grc' dir='ltr'>Ἀερόπην.</span> <span class='ocrx_word' id='word_1_208' title='bbox 1314 4116 1351 4169; x_wconf 78' lang='lat' dir='ltr'>of.</span> <span class='ocrx_word' id='word_1_209' title='bbox 1379 4117 1470 4186; x_wconf 85' lang='lat' dir='ltr'>Bergk.</span> <span class='ocrx_word' id='word_1_210' title='bbox 1499 4118 1552 4170; x_wconf 83' lang='lat' dir='ltr'>Rel.</span> <span class='ocrx_word' id='word_1_211' title='bbox 1577 4117 1647 4170; x_wconf 74' lang='lat' dir='ltr'>(lom.</span> <span class='ocrx_word' id='word_1_212' title='bbox 1670 4135 1695 4187; x_wconf 88' lang='lat' dir='ltr'>p.</span> 
     </span>
     <span class='ocr_line' id='line_1_32' title="bbox 536 4198 1435 4272; baseline -0.001 -16"><span class='ocrx_word' id='word_1_213' title='bbox 536 4202 713 4258; x_wconf 78' lang='grc' dir='ltr'>καταδικάσιιν</span> <span class='ocrx_word' id='word_1_214' title='bbox 742 4201 786 4254; x_wconf 86' lang='grc' dir='ltr'>τὸν</span> <span class='ocrx_word' id='word_1_215' title='bbox 817 4198 938 4266; x_wconf 83' lang='grc' dir='ltr'>Κλέωνα,</span> <span class='ocrx_word' id='word_1_216' title='bbox 973 4203 993 4255; x_wconf 79' lang='lat' dir='ltr'>el</span> <span class='ocrx_word' id='word_1_217' title='bbox 1019 4202 1091 4272; x_wconf 87' lang='grc' dir='ltr'>λάβοι</span> <span class='ocrx_word' id='word_1_218' title='bbox 1144 4202 1200 4255; x_wconf 81' lang='grc'>137.</span> <span class='ocrx_word' id='word_1_219' title='bbox 1229 4203 1315 4255; x_wconf 85' lang='lat' dir='ltr'>Hotib.</span> <span class='ocrx_word' id='word_1_220' title='bbox 1333 4220 1358 4271; x_wconf 88' lang='lat' dir='ltr'>p.</span> <span class='ocrx_word' id='word_1_221' title='bbox 1379 4203 1435 4256; x_wconf 86' lang='grc'>106.</span> 
     </span>
     <span class='ocr_line' id='line_1_33' title="bbox 537 4287 1695 4361; baseline -0.003 -18"><span class='ocrx_word' id='word_1_222' title='bbox 537 4288 614 4343; x_wconf 84' lang='grc' dir='ltr'>αὀτδν</span> <span class='ocrx_word' id='word_1_223' title='bbox 641 4287 826 4358; x_wconf 75' lang='grc' dir='ltr'>ἐγκαλοδμενον</span> <span class='ocrx_word' id='word_1_224' title='bbox 852 4289 907 4361; x_wconf 80' lang='grc' dir='ltr'>περὶ</span> <span class='ocrx_word' id='word_1_225' title='bbox 929 4287 1035 4359; x_wconf 77' lang='grc' dir='ltr'>κλοπῆς.</span> <span class='ocrx_word' id='word_1_226' title='bbox 1060 4287 1090 4340; x_wconf 83' lang='grc' dir='ltr'>τὸ</span> <span class='ocrx_word' id='word_1_227' title='bbox 1193 4307 1216 4341; x_wconf 86' lang='grc' dir='ltr'>ν.</span> <span class='ocrx_word' id='word_1_228' title='bbox 1235 4289 1293 4341; x_wconf 79' lang='grc'>766.</span> <span class='ocrx_word' id='word_1_229' title='bbox 1329 4288 1422 4341; x_wconf 71' lang='lat' dir='ltr'>edroi:</span> <span class='ocrx_word' id='word_1_230' title='bbox 1441 4290 1473 4341; x_wconf 81' lang='lat' dir='ltr'>ef.</span> <span class='ocrx_word' id='word_1_231' title='bbox 1486 4291 1554 4342; x_wconf 87' lang='lat' dir='ltr'>Reis.</span> <span class='ocrx_word' id='word_1_232' title='bbox 1567 4288 1628 4341; x_wconf 90' lang='lat' dir='ltr'>Oed.</span> <span class='ocrx_word' id='word_1_233' title='bbox 1642 4287 1695 4342; x_wconf 81' lang='lat' dir='ltr'>Col.</span> 
     </span>
     <span class='ocr_line' id='line_1_34' title="bbox 539 4370 1697 4443; baseline -0.001 -16"><span class='ocrx_word' id='word_1_234' title='bbox 539 4374 566 4427; x_wconf 78' lang='grc' dir='ltr'>δὲ</span> <span class='ocrx_word' id='word_1_235' title='bbox 591 4373 650 4427; x_wconf 80' lang='grc' dir='ltr'>ὅλον</span> <span class='ocrx_word' id='word_1_236' title='bbox 678 4372 793 4443; x_wconf 70' lang='grc' dir='ltr'>βούλεται</span> <span class='ocrx_word' id='word_1_237' title='bbox 819 4373 959 4443; x_wconf 81' lang='grc' dir='ltr'>διαβάλλειν</span> <span class='ocrx_word' id='word_1_238' title='bbox 986 4373 1030 4426; x_wconf 88' lang='grc' dir='ltr'>τὸν</span> <span class='ocrx_word' id='word_1_239' title='bbox 1057 4373 1091 4426; x_wconf 90' lang='grc' dir='ltr'>δι·</span> <span class='ocrx_word' id='word_1_240' title='bbox 1141 4391 1167 4443; x_wconf 85' lang='grc' dir='ltr'>ρ.</span> <span class='ocrx_word' id='word_1_241' title='bbox 1182 4374 1238 4427; x_wconf 80' lang='grc'>190.</span> <span class='ocrx_word' id='word_1_242' title='bbox 1269 4370 1355 4425; x_wconf 76' lang='grc' dir='ltr'>ἐνθάδ’</span> <span class='ocrx_word' id='word_1_243' title='bbox 1378 4374 1455 4427; x_wconf 77' lang='grc' dir='ltr'>αὐτοῦ</span> <span class='ocrx_word' id='word_1_244' title='bbox 1474 4376 1628 4428; x_wconf 83' lang='lat' dir='ltr'>coniunctim</span> <span class='ocrx_word' id='word_1_245' title='bbox 1645 4374 1697 4426; x_wconf 84' lang='lat' dir='ltr'>dio-</span> 
     </span>
     <span class='ocr_line' id='line_1_35' title="bbox 540 4458 1697 4532; baseline -0.002 -19"><span class='ocrx_word' id='word_1_246' title='bbox 540 4461 657 4515; x_wconf 80' lang='grc' dir='ltr'>καστικὸν</span> <span class='ocrx_word' id='word_1_247' title='bbox 675 4461 767 4532; x_wconf 84' lang='grc' dir='ltr'>τρόπον</span> <span class='ocrx_word' id='word_1_248' title='bbox 786 4462 822 4524; x_wconf 85' lang='lat' dir='ltr'>(et</span> <span class='ocrx_word' id='word_1_249' title='bbox 834 4459 952 4513; x_wconf 77' lang='lat' dir='ltr'>Cleonem</span> <span class='ocrx_word' id='word_1_250' title='bbox 970 4458 1091 4531; x_wconf 84' lang='grc' dir='ltr'>κλέπτην)</span> <span class='ocrx_word' id='word_1_251' title='bbox 1141 4464 1195 4511; x_wconf 90' lang='lat' dir='ltr'>tum</span> <span class='ocrx_word' id='word_1_252' title='bbox 1221 4460 1344 4527; x_wconf 82' lang='lat' dir='ltr'>exemplis</span> <span class='ocrx_word' id='word_1_253' title='bbox 1371 4459 1482 4513; x_wconf 80' lang='lat' dir='ltr'>defendit</span> <span class='ocrx_word' id='word_1_254' title='bbox 1508 4459 1639 4512; x_wconf 87' lang='lat' dir='ltr'>Dobraeus</span> <span class='ocrx_word' id='word_1_255' title='bbox 1664 4460 1697 4511; x_wconf 87' lang='lat' dir='ltr'>ad</span> 
     </span>
     <span class='ocr_line' id='line_1_36' title="bbox 542 4544 1389 4621; baseline 0 -24"><span class='ocrx_word' id='word_1_256' title='bbox 542 4544 575 4604; x_wconf 79' lang='grc' dir='ltr'>ιλις</span> <span class='ocrx_word' id='word_1_257' title='bbox 597 4546 707 4619; x_wconf 77' lang='grc' dir='ltr'>σκληρὸν</span> <span class='ocrx_word' id='word_1_258' title='bbox 729 4548 772 4621; x_wconf 79' lang='grc' dir='ltr'>καὶ</span> <span class='ocrx_word' id='word_1_259' title='bbox 795 4546 911 4609; x_wconf 81' lang='grc' dir='ltr'>ἄπιστον,</span> <span class='ocrx_word' id='word_1_260' title='bbox 938 4544 1014 4598; x_wconf 75' lang='grc' dir='ltr'>ὁπότε</span> <span class='ocrx_word' id='word_1_261' title='bbox 1035 4544 1092 4597; x_wconf 74' lang='grc' dir='ltr'>οὐδὲ</span> <span class='ocrx_word' id='word_1_262' title='bbox 1141 4544 1301 4598; x_wconf 80' lang='grc' dir='ltr'>ΡΙιι1.1188·.</span> <span class='ocrx_word' id='word_1_263' title='bbox 1339 4565 1342 4570; x_wconf 95' lang='grc'><strong><em>·</em></strong></span> <span class='ocrx_word' id='word_1_264' title='bbox 1385 4566 1389 4570; x_wconf 92' lang='grc'><em>·</em></span> 
     </span>
    </p>
   </div>
   <div class='ocr_carea' id='block_1_6' title="bbox 0 0 2275 5467">
    <p class='ocr_par' dir='ltr' id='par_1_7' title="bbox 0 0 2275 5467">
     <span class='ocr_line' id='line_1_37' title="bbox 0 0 2275 5467; baseline 0 0"><span class='ocrx_word' id='word_1_265' title='bbox 0 0 2275 5467; x_wconf 95' lang='lat' dir='ltr'> </span> 
     </span>
    </p>
   </div>
  </div>
 </body>
</html>
