<?xml version="1.0" encoding="UTF-8"?>
<!DOCTYPE html PUBLIC "-//W3C//DTD XHTML 1.0 Transitional//EN"
    "http://www.w3.org/TR/xhtml1/DTD/xhtml1-transitional.dtd">
<html xmlns="http://www.w3.org/1999/xhtml" xml:lang="en" lang="en">
 <head>
  <title>
</title>
<meta http-equiv="Content-Type" content="text/html;charset=utf-8" />
  <meta name='ocr-system' content='tesseract 3.04.00' />
  <meta name='ocr-capabilities' content='ocr_page ocr_carea ocr_par ocr_line ocrx_word'/>
</head>
<body>
  <div class='ocr_page' id='page_1' title='image "./vespaecumproleg00richgoog_0147.png"; bbox 0 0 4484 5467; ppageno 0'>
   <div class='ocr_carea' id='block_1_1' title="bbox 538 606 1704 676">
    <p class='ocr_par' dir='ltr' id='par_1_1' title="bbox 538 606 1704 676">
     <span class='ocr_line' id='line_1_1' title="bbox 538 606 1704 676; baseline 0.004 -14"><span class='ocrx_word' id='word_1_1' title='bbox 538 606 540 609; x_wconf 43' lang='lat'><strong>⁴</strong></span> <span class='ocrx_word' id='word_1_2' title='bbox 646 612 690 663; x_wconf 85' lang='lat' dir='ltr'>DE</span> <span class='ocrx_word' id='word_1_3' title='bbox 708 610 878 663; x_wconf 82' lang='lat' dir='ltr'>IVDIGIBVS</span> <span class='ocrx_word' id='word_1_4' title='bbox 897 609 1156 662; x_wconf 78' lang='lat' dir='ltr'>nufluuluuslvu</span> <span class='ocrx_word' id='word_1_5' title='bbox 1176 610 1357 675; x_wconf 78' lang='lat' dir='ltr'>nussvsovu</span> <span class='ocrx_word' id='word_1_6' title='bbox 1375 611 1605 666; x_wconf 83' lang='lat' dir='ltr'>IVDICIALIBVS</span> <span class='ocrx_word' id='word_1_7' title='bbox 1644 613 1704 676; x_wconf 88' lang='lat'>133</span> 
     </span>
    </p>
   </div>
   <div class='ocr_carea' id='block_1_2' title="bbox 508 782 1796 4687">
    <p class='ocr_par' dir='ltr' id='par_1_2' title="bbox 508 782 1740 4351">
     <span class='ocr_line' id='line_1_2' title="bbox 545 782 1705 872; baseline -0.001 -23"><span class='ocrx_word' id='word_1_8' title='bbox 545 802 658 872; x_wconf 84' lang='grc' dir='ltr'>ρἠσαν,</span> <span class='ocrx_word' id='word_1_9' title='bbox 689 785 738 847; x_wconf 77' lang='grc' dir='ltr'>καὶ</span> <span class='ocrx_word' id='word_1_10' title='bbox 765 782 1050 867; x_wconf 80' lang='grc' dir='ltr'>κατασημηνάμενοι</span> <span class='ocrx_word' id='word_1_11' title='bbox 1080 782 1153 866; x_wconf 83' lang='grc' dir='ltr'>μετὰ</span> <span class='ocrx_word' id='word_1_12' title='bbox 1181 786 1290 859; x_wconf 78' lang='grc' dir='ltr'>ταῦτα,</span> <span class='ocrx_word' id='word_1_13' title='bbox 1320 783 1346 845; x_wconf 81' lang='grc' dir='ltr'>εἰ</span> <span class='ocrx_word' id='word_1_14' title='bbox 1368 782 1529 869; x_wconf 87' lang='grc' dir='ltr'>ἐγκληθείη</span> <span class='ocrx_word' id='word_1_15' title='bbox 1553 786 1584 868; x_wconf 84' lang='grc' dir='ltr'>ή</span> <span class='ocrx_word' id='word_1_16' title='bbox 1598 785 1705 863; x_wconf 82' lang='grc' dir='ltr'>δίαιτα,</span> 
     </span>
     <span class='ocr_line' id='line_1_3' title="bbox 534 876 1704 978; baseline 0 -17"><span class='ocrx_word' id='word_1_17' title='bbox 534 876 619 967; x_wconf 74' lang='grc' dir='ltr'>τοῖς</span> <span class='ocrx_word' id='word_1_18' title='bbox 647 898 800 965; x_wconf 79' lang='grc' dir='ltr'>δικασταῖς</span> <span class='ocrx_word' id='word_1_19' title='bbox 833 894 998 957; x_wconf 80' lang='grc' dir='ltr'>ἐπεδίδουν.</span> <span class='ocrx_word' id='word_1_20' title='bbox 1052 891 1168 956; x_wconf 89' lang='lat' dir='ltr'>Eadem</span> <span class='ocrx_word' id='word_1_21' title='bbox 1206 897 1326 978; x_wconf 89' lang='lat' dir='ltr'>praeter</span> <span class='ocrx_word' id='word_1_22' title='bbox 1356 892 1428 956; x_wconf 85' lang='lat' dir='ltr'>Lex.</span> <span class='ocrx_word' id='word_1_23' title='bbox 1461 895 1538 957; x_wconf 88' lang='lat' dir='ltr'>rhet.</span> <span class='ocrx_word' id='word_1_24' title='bbox 1571 896 1650 974; x_wconf 80' lang='lat'>258,</span> <span class='ocrx_word' id='word_1_25' title='bbox 1684 897 1704 960; x_wconf 88' lang='lat'><strong>3</strong></span> 
     </span>
     <span class='ocr_line' id='line_1_4' title="bbox 534 1003 1704 1092; baseline 0 -20"><span class='ocrx_word' id='word_1_26' title='bbox 534 1006 671 1084; x_wconf 55' lang='lat' dir='ltr'>fluidas,</span> <span class='ocrx_word' id='word_1_27' title='bbox 695 1006 777 1092; x_wconf 88' lang='lat' dir='ltr'>apud</span> <span class='ocrx_word' id='word_1_28' title='bbox 799 1027 892 1091; x_wconf 91' lang='lat' dir='ltr'>quem</span> <span class='ocrx_word' id='word_1_29' title='bbox 913 1003 1165 1068; x_wconf 87' lang='lat' dir='ltr'>Hemsterhusius</span> <span class='ocrx_word' id='word_1_30' title='bbox 1188 1004 1317 1068; x_wconf 82' lang='lat' dir='ltr'>correxit</span> <span class='ocrx_word' id='word_1_31' title='bbox 1338 1006 1509 1092; x_wconf 85' lang='grc' dir='ltr'>ἐκκληθείη,</span> <span class='ocrx_word' id='word_1_32' title='bbox 1530 1005 1552 1069; x_wconf 95' lang='lat' dir='ltr'>i.</span> <span class='ocrx_word' id='word_1_33' title='bbox 1567 1019 1593 1071; x_wconf 82' lang='lat' dir='ltr'>e&#39;.</span> <span class='ocrx_word' id='word_1_34' title='bbox 1616 1008 1643 1071; x_wconf 94' lang='lat' dir='ltr'>si</span> <span class='ocrx_word' id='word_1_35' title='bbox 1665 1009 1704 1073; x_wconf 94' lang='lat' dir='ltr'>ab</span> 
     </span>
     <span class='ocr_line' id='line_1_5' title="bbox 544 1103 1709 1204; baseline -0.002 -19"><span class='ocrx_word' id='word_1_36' title='bbox 544 1119 664 1185; x_wconf 88' lang='lat' dir='ltr'>arbitro</span> <span class='ocrx_word' id='word_1_37' title='bbox 692 1122 871 1204; x_wconf 83' lang='lat' dir='ltr'><strong>provocetur</strong></span> <span class='ocrx_word' id='word_1_38' title='bbox 898 1115 937 1178; x_wconf 91' lang='lat' dir='ltr'>ad</span> <span class='ocrx_word' id='word_1_39' title='bbox 964 1114 1106 1179; x_wconf 87' lang='lat' dir='ltr'>iudicem.</span> <span class='ocrx_word' id='word_1_40' title='bbox 1151 1114 1259 1195; x_wconf 84' lang='lat' dir='ltr'>Recte,</span> <span class='ocrx_word' id='word_1_41' title='bbox 1282 1137 1471 1201; x_wconf 85' lang='lat' dir='ltr'>quamquam</span> <span class='ocrx_word' id='word_1_42' title='bbox 1491 1117 1596 1183; x_wconf 91' lang='lat' dir='ltr'>omnia</span> <span class='ocrx_word' id='word_1_43' title='bbox 1616 1103 1709 1184; x_wconf 53' lang='lat' dir='ltr'>testiss</span> 
     </span>
     <span class='ocr_line' id='line_1_6' title="bbox 544 1228 1703 1312; baseline -0.001 -15"><span class='ocrx_word' id='word_1_44' title='bbox 544 1232 653 1297; x_wconf 91' lang='lat' dir='ltr'>monia</span> <span class='ocrx_word' id='word_1_45' title='bbox 674 1230 782 1295; x_wconf 82' lang='lat' dir='ltr'>echino</span> <span class='ocrx_word' id='word_1_46' title='bbox 804 1234 925 1294; x_wconf 88' lang='lat' dir='ltr'>servata</span> <span class='ocrx_word' id='word_1_47' title='bbox 940 1248 1004 1292; x_wconf 87' lang='lat' dir='ltr'>esse</span> <span class='ocrx_word' id='word_1_48' title='bbox 1018 1228 1248 1307; x_wconf 86' lang='lat' dir='ltr'>Demosthenes,</span> <span class='ocrx_word' id='word_1_49' title='bbox 1271 1249 1365 1312; x_wconf 90' lang='lat' dir='ltr'>quem</span> <span class='ocrx_word' id='word_1_50' title='bbox 1378 1229 1703 1310; x_wconf 85' lang='lat' dir='ltr'>statim-consulemus,</span> 
     </span>
     <span class='ocr_line' id='line_1_7' title="bbox 545 1339 1701 1430; baseline -0.001 -20"><span class='ocrx_word' id='word_1_51' title='bbox 545 1346 644 1411; x_wconf 87' lang='lat' dir='ltr'>docet.</span> <span class='ocrx_word' id='word_1_52' title='bbox 689 1341 819 1426; x_wconf 83' lang='lat' dir='ltr'>Etymol.</span> <span class='ocrx_word' id='word_1_53' title='bbox 842 1340 883 1404; x_wconf 91' lang='lat' dir='ltr'>M.</span> <span class='ocrx_word' id='word_1_54' title='bbox 906 1339 994 1427; x_wconf 82' lang='grc' dir='ltr'>εὖρον</span> <span class='ocrx_word' id='word_1_55' title='bbox 1018 1342 1051 1404; x_wconf 85' lang='grc' dir='ltr'>δὲ</span> <span class='ocrx_word' id='word_1_56' title='bbox 1075 1341 1229 1426; x_wconf 80' lang='grc' dir='ltr'>σημαίνειν</span> <span class='ocrx_word' id='word_1_57' title='bbox 1251 1343 1306 1427; x_wconf 83' lang='grc' dir='ltr'>τήν</span> <span class='ocrx_word' id='word_1_58' title='bbox 1330 1342 1407 1416; x_wconf 81' lang='grc' dir='ltr'>λέξιν</span> <span class='ocrx_word' id='word_1_59' title='bbox 1431 1344 1473 1413; x_wconf 82' lang='grc' dir='ltr'>εἰς</span> <span class='ocrx_word' id='word_1_60' title='bbox 1494 1344 1528 1407; x_wconf 89' lang='grc' dir='ltr'>τδ</span> <span class='ocrx_word' id='word_1_61' title='bbox 1546 1344 1701 1430; x_wconf 75' lang='grc' dir='ltr'>ῥητορικὸν</span> 
     </span>
     <span class='ocr_line' id='line_1_8' title="bbox 533 1454 1703 1541; baseline 0.003 -23"><span class='ocrx_word' id='word_1_62' title='bbox 533 1460 598 1523; x_wconf 84' lang='grc' dir='ltr'>,καλ</span> <span class='ocrx_word' id='word_1_63' title='bbox 612 1456 698 1535; x_wconf 83' lang='grc' dir='ltr'>ἄλλο,</span> <span class='ocrx_word' id='word_1_64' title='bbox 720 1454 817 1541; x_wconf 83' lang='grc' dir='ltr'>ήγουν</span> <span class='ocrx_word' id='word_1_65' title='bbox 833 1454 1005 1530; x_wconf 83' lang='grc' dir='ltr'>καδίσκους,</span> <span class='ocrx_word' id='word_1_66' title='bbox 1028 1454 1134 1537; x_wconf 88' lang='grc' dir='ltr'>άγγεῖά</span> <span class='ocrx_word' id='word_1_67' title='bbox 1147 1476 1222 1531; x_wconf 89' lang='grc' dir='ltr'>τινα,</span> <span class='ocrx_word' id='word_1_68' title='bbox 1244 1454 1280 1518; x_wconf 84' lang='grc' dir='ltr'>τὰ</span> <span class='ocrx_word' id='word_1_69' title='bbox 1297 1454 1350 1539; x_wconf 82' lang='grc' dir='ltr'>μὲν</span> <span class='ocrx_word' id='word_1_70' title='bbox 1371 1454 1405 1519; x_wconf 89' lang='grc' dir='ltr'>ἐκ</span> <span class='ocrx_word' id='word_1_71' title='bbox 1418 1459 1547 1541; x_wconf 75' lang='grc' dir='ltr'>χαλκοῦ,</span> <span class='ocrx_word' id='word_1_72' title='bbox 1569 1457 1605 1520; x_wconf 82' lang='grc' dir='ltr'>τὰ</span> <span class='ocrx_word' id='word_1_73' title='bbox 1621 1457 1655 1521; x_wconf 83' lang='grc' dir='ltr'>δέ</span> <span class='ocrx_word' id='word_1_74' title='bbox 1669 1456 1703 1521; x_wconf 83' lang='grc' dir='ltr'>ἐκ</span> 
     </span>
     <span class='ocr_line' id='line_1_9' title="bbox 545 1564 1702 1658; baseline -0.001 -25"><span class='ocrx_word' id='word_1_75' title='bbox 545 1572 695 1658; x_wconf 84' lang='grc' dir='ltr'>κεράμου,</span> <span class='ocrx_word' id='word_1_76' title='bbox 732 1566 774 1637; x_wconf 87' lang='grc' dir='ltr'>εἰς</span> <span class='ocrx_word' id='word_1_77' title='bbox 802 1566 821 1630; x_wconf 82' lang='grc' dir='ltr'><strong>ἃ</strong></span> <span class='ocrx_word' id='word_1_78' title='bbox 849 1564 884 1630; x_wconf 75' lang='grc' dir='ltr'>αἵ</span> <span class='ocrx_word' id='word_1_79' title='bbox 907 1589 939 1630; x_wconf 91' lang='grc' dir='ltr'>τε</span> <span class='ocrx_word' id='word_1_80' title='bbox 969 1565 1126 1651; x_wconf 82' lang='grc' dir='ltr'>μαρτυρίαι</span> <span class='ocrx_word' id='word_1_81' title='bbox 1148 1567 1197 1629; x_wconf 81' lang='grc' dir='ltr'>καὶ</span> <span class='ocrx_word' id='word_1_82' title='bbox 1219 1567 1249 1629; x_wconf 77' lang='grc' dir='ltr'>αἱ</span> <span class='ocrx_word' id='word_1_83' title='bbox 1271 1568 1455 1652; x_wconf 82' lang='grc' dir='ltr'>προκλήσεις</span> <span class='ocrx_word' id='word_1_84' title='bbox 1475 1566 1622 1655; x_wconf 83' lang='grc' dir='ltr'>ἔγγραφοι</span> <span class='ocrx_word' id='word_1_85' title='bbox 1644 1567 1702 1632; x_wconf 86' lang='grc' dir='ltr'>ἐνε-</span> 
     </span>
     <span class='ocr_line' id='line_1_10' title="bbox 547 1676 1703 1773; baseline -0.005 -25"><span class='ocrx_word' id='word_1_86' title='bbox 547 1686 696 1773; x_wconf 80' lang='grc' dir='ltr'>βάλλοντο</span> <span class='ocrx_word' id='word_1_87' title='bbox 720 1680 788 1743; x_wconf 70' lang='lat' dir='ltr'>tec·</span> <span class='ocrx_word' id='word_1_88' title='bbox 800 1682 860 1744; x_wconf 84' lang='grc' dir='ltr'>τῶν</span> <span class='ocrx_word' id='word_1_89' title='bbox 877 1677 1083 1763; x_wconf 75' lang='grc' dir='ltr'>δικαζομένων</span> <span class='ocrx_word' id='word_1_90' title='bbox 1107 1676 1198 1760; x_wconf 88' lang='lat' dir='ltr'>(num</span> <span class='ocrx_word' id='word_1_91' title='bbox 1215 1676 1311 1761; x_wconf 85' lang='lat' dir='ltr'>igitur</span> <span class='ocrx_word' id='word_1_92' title='bbox 1327 1680 1484 1764; x_wconf 82' lang='grc' dir='ltr'>διαιτητῶν</span> <span class='ocrx_word' id='word_1_93' title='bbox 1500 1677 1703 1763; x_wconf 85' lang='lat' dir='ltr'>scribamus?)</span> 
     </span>
     <span class='ocr_line' id='line_1_11' title="bbox 544 1790 1702 1879; baseline -0.005 -19"><span class='ocrx_word' id='word_1_94' title='bbox 544 1796 597 1861; x_wconf 87' lang='grc' dir='ltr'>καὶ</span> <span class='ocrx_word' id='word_1_95' title='bbox 618 1791 885 1878; x_wconf 83' lang='grc' dir='ltr'>κατεσημαίνοντο,</span> <span class='ocrx_word' id='word_1_96' title='bbox 906 1791 954 1855; x_wconf 75' lang='grc' dir='ltr'>ἵνα</span> <span class='ocrx_word' id='word_1_97' title='bbox 978 1791 1080 1876; x_wconf 80' lang='grc' dir='ltr'>μηδεὶς</span> <span class='ocrx_word' id='word_1_98' title='bbox 1101 1790 1299 1876; x_wconf 85' lang='grc' dir='ltr'>κακουργήση</span> <span class='ocrx_word' id='word_1_99' title='bbox 1323 1791 1358 1854; x_wconf 82' lang='grc' dir='ltr'>τὰ</span> <span class='ocrx_word' id='word_1_100' title='bbox 1374 1790 1595 1879; x_wconf 80' lang='grc' dir='ltr'>ἐμβαλλόμενα.</span> <span class='ocrx_word' id='word_1_101' title='bbox 1632 1790 1702 1856; x_wconf 88' lang='lat' dir='ltr'>Vid.</span> 
     </span>
     <span class='ocr_line' id='line_1_12' title="bbox 548 1899 1704 1992; baseline -0.003 -22"><span class='ocrx_word' id='word_1_102' title='bbox 548 1912 674 1992; x_wconf 88' lang='lat' dir='ltr'>praeter</span> <span class='ocrx_word' id='word_1_103' title='bbox 702 1904 867 1981; x_wconf 87' lang='lat' dir='ltr'>Zonaram,</span> <span class='ocrx_word' id='word_1_104' title='bbox 895 1901 1090 1981; x_wconf 72' lang='lat' dir='ltr'>damianum,</span> <span class='ocrx_word' id='word_1_105' title='bbox 1119 1899 1392 1986; x_wconf 89' lang='lat' dir='ltr'>Harpocrationem</span> <span class='ocrx_word' id='word_1_106' title='bbox 1420 1924 1443 1967; x_wconf 86' lang='lat' dir='ltr'>s.</span> <span class='ocrx_word' id='word_1_107' title='bbox 1466 1925 1495 1967; x_wconf 89' lang='lat' dir='ltr'>v.</span> <span class='ocrx_word' id='word_1_108' title='bbox 1525 1906 1627 1992; x_wconf 83' lang='grc' dir='ltr'>ἐχῖνος</span> <span class='ocrx_word' id='word_1_109' title='bbox 1655 1903 1704 1967; x_wconf 92' lang='lat' dir='ltr'>in-</span> 
     </span>
     <span class='ocr_line' id='line_1_13' title="bbox 545 2006 1705 2105; baseline -0.004 -21"><span class='ocrx_word' id='word_1_110' title='bbox 545 2017 657 2105; x_wconf 90' lang='lat' dir='ltr'>primis</span> <span class='ocrx_word' id='word_1_111' title='bbox 679 2015 833 2094; x_wconf 88' lang='lat' dir='ltr'>Photium‚</span> <span class='ocrx_word' id='word_1_112' title='bbox 857 2013 949 2078; x_wconf 89' lang='lat' dir='ltr'>huius</span> <span class='ocrx_word' id='word_1_113' title='bbox 972 2015 1017 2078; x_wconf 91' lang='lat' dir='ltr'>rei</span> <span class='ocrx_word' id='word_1_114' title='bbox 1038 2018 1148 2078; x_wconf 84' lang='lat' dir='ltr'>testem</span> <span class='ocrx_word' id='word_1_115' title='bbox 1168 2012 1452 2098; x_wconf 86' lang='lat' dir='ltr'>locupletissimum.</span> <span class='ocrx_word' id='word_1_116' title='bbox 1485 2006 1705 2081; x_wconf 80' lang='lat' dir='ltr'>Demosthenes</span> 
     </span>
     <span class='ocr_line' id='line_1_14' title="bbox 546 2109 1704 2216; baseline -0.003 -21"><span class='ocrx_word' id='word_1_117' title='bbox 546 2109 672 2216; x_wconf 83' lang='lat' dir='ltr'>saepius</span> <span class='ocrx_word' id='word_1_118' title='bbox 694 2128 776 2193; x_wconf 90' lang='lat' dir='ltr'>hunc</span> <span class='ocrx_word' id='word_1_119' title='bbox 799 2128 911 2214; x_wconf 85' lang='grc' dir='ltr'>ἐχῖνον,</span> <span class='ocrx_word' id='word_1_120' title='bbox 933 2145 1056 2211; x_wconf 80' lang='lat' dir='ltr'><strong>capsam</strong></span> <span class='ocrx_word' id='word_1_121' title='bbox 1078 2126 1229 2190; x_wconf 88' lang='lat' dir='ltr'>forensem</span> <span class='ocrx_word' id='word_1_122' title='bbox 1252 2146 1289 2189; x_wconf 84' lang='lat' dir='ltr'>ex</span> <span class='ocrx_word' id='word_1_123' title='bbox 1311 2125 1429 2215; x_wconf 85' lang='lat' dir='ltr'>Budaei</span> <span class='ocrx_word' id='word_1_124' title='bbox 1450 2115 1598 2207; x_wconf 83' lang='lat' dir='ltr'>versione,</span> <span class='ocrx_word' id='word_1_125' title='bbox 1621 2140 1704 2192; x_wconf 90' lang='lat' dir='ltr'>com·</span> 
     </span>
     <span class='ocr_line' id='line_1_15' title="bbox 537 2229 1704 2325; baseline -0.003 -17"><span class='ocrx_word' id='word_1_126' title='bbox 537 2246 713 2319; x_wconf 79' lang='lat' dir='ltr'>memorat,</span> <span class='ocrx_word' id='word_1_127' title='bbox 740 2247 777 2305; x_wconf 89' lang='lat' dir='ltr'>ut</span> <span class='ocrx_word' id='word_1_128' title='bbox 803 2240 878 2305; x_wconf 84' lang='grc' dir='ltr'>κατδι</span> <span class='ocrx_word' id='word_1_129' title='bbox 906 2238 1061 2325; x_wconf 82' lang='grc' dir='ltr'>Στεφάνου</span> <span class='ocrx_word' id='word_1_130' title='bbox 1084 2236 1116 2302; x_wconf 82' lang='grc' dir='ltr'>α’</span> <span class='ocrx_word' id='word_1_131' title='bbox 1141 2260 1171 2322; x_wconf 91' lang='lat' dir='ltr'>p.</span> <span class='ocrx_word' id='word_1_132' title='bbox 1196 2239 1293 2302; x_wconf 87' lang='lat'>1119:</span> <span class='ocrx_word' id='word_1_133' title='bbox 1314 2240 1368 2324; x_wconf 79' lang='grc' dir='ltr'>τήν</span> <span class='ocrx_word' id='word_1_134' title='bbox 1391 2229 1448 2325; x_wconf 85' lang='grc' dir='ltr'>γὰρ</span> <span class='ocrx_word' id='word_1_135' title='bbox 1472 2240 1645 2325; x_wconf 88' lang='grc' dir='ltr'>μαρτυρίαν,</span> <span class='ocrx_word' id='word_1_136' title='bbox 1667 2240 1704 2324; x_wconf 79' lang='grc' dir='ltr'>ἣν</span> 
     </span>
     <span class='ocr_line' id='line_1_16' title="bbox 549 2349 1707 2441; baseline -0.003 -22"><span class='ocrx_word' id='word_1_137' title='bbox 549 2352 640 2441; x_wconf 79' lang='grc' dir='ltr'>ιγ’)’μην</span> <span class='ocrx_word' id='word_1_138' title='bbox 670 2352 747 2418; x_wconf 79' lang='grc' dir='ltr'>εἶναι</span> <span class='ocrx_word' id='word_1_139' title='bbox 774 2354 827 2417; x_wconf 82' lang='grc' dir='ltr'>καὶ</span> <span class='ocrx_word' id='word_1_140' title='bbox 853 2351 887 2417; x_wconf 88' lang='grc' dir='ltr'>δι’</span> <span class='ocrx_word' id='word_1_141' title='bbox 918 2351 955 2435; x_wconf 81' lang='grc' dir='ltr'>ἧς</span> <span class='ocrx_word' id='word_1_142' title='bbox 984 2350 1064 2441; x_wconf 34' lang='grc' dir='ltr'>ἤνιδ</span> <span class='ocrx_word' id='word_1_143' title='bbox 1089 2354 1229 2421; x_wconf 86' lang='grc' dir='ltr'>πλεῖστος</span> <span class='ocrx_word' id='word_1_144' title='bbox 1258 2349 1385 2437; x_wconf 82' lang='grc' dir='ltr'>ἔλεγχός</span> <span class='ocrx_word' id='word_1_145' title='bbox 1413 2374 1481 2436; x_wconf 91' lang='grc' dir='ltr'>μοι,</span> <span class='ocrx_word' id='word_1_146' title='bbox 1508 2350 1615 2437; x_wconf 78' lang='grc' dir='ltr'>ταύτην</span> <span class='ocrx_word' id='word_1_147' title='bbox 1647 2349 1707 2438; x_wconf 73' lang='grc' dir='ltr'>οὐχ</span> 
     </span>
     <span class='ocr_line' id='line_1_17' title="bbox 535 2461 1707 2553; baseline -0.002 -25"><span class='ocrx_word' id='word_1_148' title='bbox 535 2465 640 2553; x_wconf 83' lang='grc' dir='ltr'>,εὖρον</span> <span class='ocrx_word' id='word_1_149' title='bbox 665 2466 793 2530; x_wconf 79' lang='grc' dir='ltr'>ἐνοῦσαν</span> <span class='ocrx_word' id='word_1_150' title='bbox 818 2466 848 2530; x_wconf 87' lang='grc' dir='ltr'>ἐν</span> <span class='ocrx_word' id='word_1_151' title='bbox 871 2470 916 2550; x_wconf 69' lang='lat' dir='ltr'>aqi</span> <span class='ocrx_word' id='word_1_152' title='bbox 938 2462 1040 2549; x_wconf 84' lang='grc' dir='ltr'>ἐχίνῳ.</span> <span class='ocrx_word' id='word_1_153' title='bbox 1083 2461 1224 2546; x_wconf 84' lang='lat' dir='ltr'>Eumque</span> <span class='ocrx_word' id='word_1_154' title='bbox 1246 2461 1412 2538; x_wconf 79' lang='lat' dir='ltr'>adiacteta</span> <span class='ocrx_word' id='word_1_155' title='bbox 1426 2467 1617 2537; x_wconf 85' lang='lat' dir='ltr'>asservatum</span> <span class='ocrx_word' id='word_1_156' title='bbox 1630 2484 1707 2546; x_wconf 76' lang='lat' dir='ltr'>esse,</span> 
     </span>
     <span class='ocr_line' id='line_1_18' title="bbox 554 2565 1707 2664; baseline -0.003 -20"><span class='ocrx_word' id='word_1_157' title='bbox 554 2578 642 2644; x_wconf 84' lang='lat' dir='ltr'>idem</span> <span class='ocrx_word' id='word_1_158' title='bbox 664 2576 770 2641; x_wconf 82' lang='lat' dir='ltr'>eodem</span> <span class='ocrx_word' id='word_1_159' title='bbox 791 2576 856 2642; x_wconf 88' lang='lat' dir='ltr'>loco</span> <span class='ocrx_word' id='word_1_160' title='bbox 879 2578 1023 2654; x_wconf 83' lang='lat' dir='ltr'>testatur:</span> <span class='ocrx_word' id='word_1_161' title='bbox 1052 2572 1117 2637; x_wconf 82' lang='grc' dir='ltr'>τότε</span> <span class='ocrx_word' id='word_1_162' title='bbox 1145 2575 1199 2660; x_wconf 85' lang='grc' dir='ltr'>μὲν</span> <span class='ocrx_word' id='word_1_163' title='bbox 1228 2611 1269 2620; x_wconf 90' lang='grc'><strong>-</strong></span> <span class='ocrx_word' id='word_1_164' title='bbox 1298 2574 1509 2663; x_wconf 83' lang='grc' dir='ltr'>ὑπελάμβανον</span> <span class='ocrx_word' id='word_1_165' title='bbox 1531 2565 1585 2660; x_wconf 79' lang='grc' dir='ltr'>τὴν</span> <span class='ocrx_word' id='word_1_166' title='bbox 1608 2577 1707 2664; x_wconf 78' lang='grc' dir='ltr'>ἀρχὴν</span> 
     </span>
     <span class='ocr_line' id='line_1_19' title="bbox 547 2685 1707 2779; baseline -0.003 -23"><span class='ocrx_word' id='word_1_167' title='bbox 547 2689 725 2778; x_wconf 83' lang='grc' dir='ltr'>ἠδικηκέναι</span> <span class='ocrx_word' id='word_1_168' title='bbox 762 2690 812 2754; x_wconf 85' lang='grc' dir='ltr'>καὶ</span> <span class='ocrx_word' id='word_1_169' title='bbox 839 2689 889 2753; x_wconf 92' lang='grc' dir='ltr'>τδν</span> <span class='ocrx_word' id='word_1_170' title='bbox 920 2688 1021 2779; x_wconf 80' lang='grc' dir='ltr'>ἐχῖνον</span> <span class='ocrx_word' id='word_1_171' title='bbox 1050 2685 1244 2773; x_wconf 84' lang='grc' dir='ltr'>κεκινηκέναι.</span> <span class='ocrx_word' id='word_1_172' title='bbox 1282 2690 1335 2754; x_wconf 78' lang='grc' dir='ltr'>νῦν</span> <span class='ocrx_word' id='word_1_173' title='bbox 1365 2688 1399 2752; x_wconf 84' lang='grc' dir='ltr'>δέ</span> <span class='ocrx_word' id='word_1_174' title='bbox 1426 2687 1480 2775; x_wconf 80' lang='grc' dir='ltr'>ἀφ’</span> <span class='ocrx_word' id='word_1_175' title='bbox 1513 2687 1555 2754; x_wconf 82' lang='grc' dir='ltr'>ὧν</span> <span class='ocrx_word' id='word_1_176' title='bbox 1584 2688 1707 2775; x_wconf 74' lang='grc' dir='ltr'>ὕστερον</span> 
     </span>
     <span class='ocr_line' id='line_1_20' title="bbox 536 2797 1708 2889; baseline -0.003 -22"><span class='ocrx_word' id='word_1_177' title='bbox 536 2804 716 2888; x_wconf 82' lang='grc' dir='ltr'>πέπυσμαι,</span> <span class='ocrx_word' id='word_1_178' title='bbox 739 2802 813 2889; x_wconf 82' lang='grc' dir='ltr'>πρὸς</span> <span class='ocrx_word' id='word_1_179' title='bbox 828 2800 914 2886; x_wconf 68' lang='lat' dir='ltr'>abripi</span> <span class='ocrx_word' id='word_1_180' title='bbox 937 2804 983 2885; x_wconf 82' lang='grc' dir='ltr'>τηῖ</span> <span class='ocrx_word' id='word_1_181' title='bbox 1005 2801 1144 2884; x_wconf 78' lang='grc' dir='ltr'>διαιτητή</span> <span class='ocrx_word' id='word_1_182' title='bbox 1165 2797 1318 2884; x_wconf 84' lang='grc' dir='ltr'>Στέφανον</span> <span class='ocrx_word' id='word_1_183' title='bbox 1341 2802 1460 2865; x_wconf 84' lang='grc' dir='ltr'>τουτονὶ</span> <span class='ocrx_word' id='word_1_184' title='bbox 1482 2799 1575 2886; x_wconf 78' lang='grc' dir='ltr'>αὐτήν</span> <span class='ocrx_word' id='word_1_185' title='bbox 1593 2801 1708 2889; x_wconf 81' lang='grc' dir='ltr'>ὑφηρη-</span> 
     </span>
     <span class='ocr_line' id='line_1_21' title="bbox 550 2909 1709 3004; baseline -0.006 -22"><span class='ocrx_word' id='word_1_186' title='bbox 550 2917 642 3004; x_wconf 82' lang='grc' dir='ltr'>μένον</span> <span class='ocrx_word' id='word_1_187' title='bbox 665 2914 806 3001; x_wconf 84' lang='grc' dir='ltr'>εὑρίσκω.</span> <span class='ocrx_word' id='word_1_188' title='bbox 833 2911 991 2976; x_wconf 87' lang='lat' dir='ltr'>Diaetetae</span> <span class='ocrx_word' id='word_1_189' title='bbox 1012 2909 1061 2973; x_wconf 92' lang='lat' dir='ltr'>illi</span> <span class='ocrx_word' id='word_1_190' title='bbox 1082 2929 1195 2974; x_wconf 89' lang='lat' dir='ltr'>nomen</span> <span class='ocrx_word' id='word_1_191' title='bbox 1217 2914 1263 2974; x_wconf 88' lang='lat' dir='ltr'>est</span> <span class='ocrx_word' id='word_1_192' title='bbox 1285 2909 1405 2991; x_wconf 81' lang='lat' dir='ltr'>Tisiae3</span> <span class='ocrx_word' id='word_1_193' title='bbox 1428 2910 1508 2976; x_wconf 89' lang='lat' dir='ltr'>alius</span> <span class='ocrx_word' id='word_1_194' title='bbox 1529 2912 1709 2977; x_wconf 87' lang='lat' dir='ltr'>nominatur</span> 
     </span>
     <span class='ocr_line' id='line_1_22' title="bbox 547 3015 1709 3113; baseline -0.004 -19"><span class='ocrx_word' id='word_1_195' title='bbox 547 3029 626 3095; x_wconf 77' lang='grc' dir='ltr'>κατὰ</span> <span class='ocrx_word' id='word_1_196' title='bbox 645 3025 826 3113; x_wconf 86' lang='grc' dir='ltr'>Ὀλυμπιοδ.</span> <span class='ocrx_word' id='word_1_197' title='bbox 847 3047 878 3111; x_wconf 88' lang='lat' dir='ltr'>p.</span> <span class='ocrx_word' id='word_1_198' title='bbox 903 3026 994 3102; x_wconf 83' lang='lat'>1180,</span> <span class='ocrx_word' id='word_1_199' title='bbox 1017 3020 1233 3099; x_wconf 85' lang='lat' dir='ltr'>Androclides,</span> <span class='ocrx_word' id='word_1_200' title='bbox 1261 3015 1334 3108; x_wconf 86' lang='grc' dir='ltr'>παρ’</span> <span class='ocrx_word' id='word_1_201' title='bbox 1360 3018 1387 3109; x_wconf 81' lang='grc' dir='ltr'><strong><em>ᾧ</em></strong></span> <span class='ocrx_word' id='word_1_202' title='bbox 1409 3019 1521 3089; x_wconf 88' lang='grc' dir='ltr'>κεῖνται</span> <span class='ocrx_word' id='word_1_203' title='bbox 1544 3026 1575 3099; x_wconf 78' lang='grc' dir='ltr'>αἱ</span> <span class='ocrx_word' id='word_1_204' title='bbox 1598 3025 1709 3110; x_wconf 84' lang='grc' dir='ltr'>συνθή-</span> 
     </span>
     <span class='ocr_line' id='line_1_23' title="bbox 549 3133 1711 3226; baseline -0.007 -18"><span class='ocrx_word' id='word_1_205' title='bbox 549 3166 600 3209; x_wconf 90' lang='grc' dir='ltr'>και</span> <span class='ocrx_word' id='word_1_206' title='bbox 629 3142 673 3211; x_wconf 81' lang='grc' dir='ltr'>ὡς</span> <span class='ocrx_word' id='word_1_207' title='bbox 697 3137 798 3226; x_wconf 82' lang='grc' dir='ltr'>Ἀνδρ.</span> <span class='ocrx_word' id='word_1_208' title='bbox 828 3175 869 3185; x_wconf 92' lang='grc'><strong>-</strong></span> <span class='ocrx_word' id='word_1_209' title='bbox 897 3139 947 3202; x_wconf 85' lang='grc' dir='ltr'>καὶ</span> <span class='ocrx_word' id='word_1_210' title='bbox 973 3143 1064 3221; x_wconf 82' lang='grc' dir='ltr'>κοινή</span> <span class='ocrx_word' id='word_1_211' title='bbox 1092 3133 1342 3222; x_wconf 75' lang='grc' dir='ltr'>ἐκγραψαμένους</span> <span class='ocrx_word' id='word_1_212' title='bbox 1363 3136 1447 3221; x_wconf 79' lang='grc' dir='ltr'>ἡμᾶς</span> <span class='ocrx_word' id='word_1_213' title='bbox 1473 3136 1527 3207; x_wconf 83' lang='grc' dir='ltr'>τὰς</span> <span class='ocrx_word' id='word_1_214' title='bbox 1555 3137 1711 3222; x_wconf 79' lang='grc' dir='ltr'>συνθήκας</span> 
     </span>
     <span class='ocr_line' id='line_1_24' title="bbox 540 3246 1711 3339; baseline -0.002 -25"><span class='ocrx_word' id='word_1_215' title='bbox 540 3258 640 3321; x_wconf 89' lang='grc' dir='ltr'>,πάλιν</span> <span class='ocrx_word' id='word_1_216' title='bbox 673 3251 884 3339; x_wconf 72' lang='grc' dir='ltr'>σημήνασθαι,</span> <span class='ocrx_word' id='word_1_217' title='bbox 911 3250 947 3314; x_wconf 82' lang='grc' dir='ltr'>τὰ</span> <span class='ocrx_word' id='word_1_218' title='bbox 976 3249 1003 3314; x_wconf 87' lang='grc' dir='ltr'>δ’</span> <span class='ocrx_word' id='word_1_219' title='bbox 1035 3250 1201 3335; x_wconf 80' lang='grc' dir='ltr'>ἀντίγραφα</span> <span class='ocrx_word' id='word_1_220' title='bbox 1229 3246 1416 3336; x_wconf 78' lang='grc' dir='ltr'>ἐμβαλέσθαι</span> <span class='ocrx_word' id='word_1_221' title='bbox 1446 3247 1489 3319; x_wconf 76' lang='grc' dir='ltr'>εἰς</span> <span class='ocrx_word' id='word_1_222' title='bbox 1517 3247 1567 3312; x_wconf 91' lang='grc' dir='ltr'>τδν</span> <span class='ocrx_word' id='word_1_223' title='bbox 1598 3247 1711 3334; x_wconf 87' lang='grc' dir='ltr'>ἐχῖνον,</span> 
     </span>
     <span class='ocr_line' id='line_1_25' title="bbox 535 3341 1711 3451; baseline -0.008 -19"><span class='ocrx_word' id='word_1_224' title='bbox 535 3367 637 3437; x_wconf 71' lang='lat' dir='ltr'>duca&lt;</span> <span class='ocrx_word' id='word_1_225' title='bbox 662 3341 793 3451; x_wconf 80' lang='grc' dir='ltr'>μηδεμία</span> <span class='ocrx_word' id='word_1_226' title='bbox 817 3363 851 3427; x_wconf 81' lang='grc' dir='ltr'>ἂν</span> <span class='ocrx_word' id='word_1_227' title='bbox 882 3362 997 3447; x_wconf 85' lang='grc' dir='ltr'>ὑποψία</span> <span class='ocrx_word' id='word_1_228' title='bbox 1024 3359 1056 3446; x_wconf 79' lang='grc' dir='ltr'>ή.</span> <span class='ocrx_word' id='word_1_229' title='bbox 1100 3360 1205 3425; x_wconf 83' lang='lat' dir='ltr'>Etiam</span> <span class='ocrx_word' id='word_1_230' title='bbox 1230 3359 1309 3425; x_wconf 85' lang='lat' dir='ltr'>iuris</span> <span class='ocrx_word' id='word_1_231' title='bbox 1336 3359 1462 3425; x_wconf 86' lang='lat' dir='ltr'>iurandi</span> <span class='ocrx_word' id='word_1_232' title='bbox 1488 3360 1711 3425; x_wconf 77' lang='lat' dir='ltr'>documentum</span> 
     </span>
     <span class='ocr_line' id='line_1_26' title="bbox 549 3472 1740 3563; baseline -0.004 -20"><span class='ocrx_word' id='word_1_233' title='bbox 549 3480 585 3544; x_wconf 92' lang='lat' dir='ltr'>in</span> <span class='ocrx_word' id='word_1_234' title='bbox 614 3476 721 3541; x_wconf 84' lang='lat' dir='ltr'>echino</span> <span class='ocrx_word' id='word_1_235' title='bbox 750 3473 966 3559; x_wconf 82' lang='lat' dir='ltr'>deponebatur.</span> <span class='ocrx_word' id='word_1_236' title='bbox 1015 3473 1102 3539; x_wconf 91' lang='lat' dir='ltr'>Dem.</span> <span class='ocrx_word' id='word_1_237' title='bbox 1125 3474 1200 3561; x_wconf 82' lang='grc' dir='ltr'>πρὸς</span> <span class='ocrx_word' id='word_1_238' title='bbox 1222 3472 1373 3561; x_wconf 79' lang='grc' dir='ltr'>Τιμόθεον</span> <span class='ocrx_word' id='word_1_239' title='bbox 1395 3495 1427 3559; x_wconf 85' lang='lat' dir='ltr'>p.</span> <span class='ocrx_word' id='word_1_240' title='bbox 1452 3473 1548 3538; x_wconf 76' lang='lat'>1203:</span> <span class='ocrx_word' id='word_1_241' title='bbox 1579 3475 1711 3563; x_wconf 84' lang='grc' dir='ltr'>ἐμβαλο-</span> <span class='ocrx_word' id='word_1_242' title='bbox 1736 3525 1740 3531; x_wconf 92' lang='grc'>.</span> 
     </span>
     <span class='ocr_line' id='line_1_27' title="bbox 553 3582 1713 3680; baseline -0.002 -26"><span class='ocrx_word' id='word_1_243' title='bbox 553 3592 649 3680; x_wconf 83' lang='grc' dir='ltr'>μένου</span> <span class='ocrx_word' id='word_1_244' title='bbox 671 3590 728 3675; x_wconf 92' lang='grc' dir='ltr'>γάρ</span> <span class='ocrx_word' id='word_1_245' title='bbox 754 3612 813 3673; x_wconf 92' lang='grc' dir='ltr'>μου</span> <span class='ocrx_word' id='word_1_246' title='bbox 836 3585 925 3672; x_wconf 82' lang='grc' dir='ltr'>ὅρκον</span> <span class='ocrx_word' id='word_1_247' title='bbox 949 3586 991 3657; x_wconf 84' lang='grc' dir='ltr'>εἰς</span> <span class='ocrx_word' id='word_1_248' title='bbox 1013 3587 1063 3651; x_wconf 91' lang='grc' dir='ltr'>τδν</span> <span class='ocrx_word' id='word_1_249' title='bbox 1079 3587 1192 3673; x_wconf 87' lang='grc' dir='ltr'>ἐχῖνον,</span> <span class='ocrx_word' id='word_1_250' title='bbox 1214 3587 1304 3672; x_wconf 76' lang='grc' dir='ltr'>ήξίου</span> <span class='ocrx_word' id='word_1_251' title='bbox 1321 3584 1411 3657; x_wconf 78' lang='grc' dir='ltr'>οὗτος</span> <span class='ocrx_word' id='word_1_252' title='bbox 1425 3588 1475 3651; x_wconf 86' lang='grc' dir='ltr'>καὶ</span> <span class='ocrx_word' id='word_1_253' title='bbox 1489 3582 1580 3659; x_wconf 79' lang='grc' dir='ltr'>αὐτὸς</span> <span class='ocrx_word' id='word_1_254' title='bbox 1595 3587 1713 3674; x_wconf 80' lang='grc' dir='ltr'>ὀμόσας</span> 
     </span>
     <span class='ocr_line' id='line_1_28' title="bbox 552 3690 1712 3790; baseline -0.003 -24"><span class='ocrx_word' id='word_1_255' title='bbox 552 3703 766 3790; x_wconf 76' lang='grc' dir='ltr'>ἀπηλλάχθαιι</span> <span class='ocrx_word' id='word_1_256' title='bbox 789 3699 865 3786; x_wconf 84' lang='grc' dir='ltr'>πρὸς</span> <span class='ocrx_word' id='word_1_257' title='bbox 890 3697 1027 3763; x_wconf 86' lang='grc' dir='ltr'>Βοιωτδν</span> <span class='ocrx_word' id='word_1_258' title='bbox 1057 3720 1087 3783; x_wconf 89' lang='lat' dir='ltr'>p.</span> <span class='ocrx_word' id='word_1_259' title='bbox 1116 3690 1178 3762; x_wconf 88' lang='grc'>999</span> <span class='ocrx_word' id='word_1_260' title='bbox 1202 3702 1411 3764; x_wconf 84' lang='lat' dir='ltr'>memorantur</span> <span class='ocrx_word' id='word_1_261' title='bbox 1434 3700 1462 3762; x_wconf 82' lang='grc' dir='ltr'>οἱ</span> <span class='ocrx_word' id='word_1_262' title='bbox 1485 3700 1712 3787; x_wconf 82' lang='grc' dir='ltr'>σεσημασμένα</span> 
     </span>
     <span class='ocr_line' id='line_1_29' title="bbox 508 3807 1714 3905; baseline -0.004 -23"><span class='ocrx_word' id='word_1_263' title='bbox 508 3902 509 3905; x_wconf 9' lang='lat'>¹</span> <span class='ocrx_word' id='word_1_264' title='bbox 550 3819 660 3903; x_wconf 87' lang='grc' dir='ltr'>ἐχῖνοι.</span> <span class='ocrx_word' id='word_1_265' title='bbox 705 3813 748 3876; x_wconf 81' lang='lat' dir='ltr'>Of.</span> <span class='ocrx_word' id='word_1_266' title='bbox 777 3811 864 3875; x_wconf 85' lang='lat' dir='ltr'>Dem.</span> <span class='ocrx_word' id='word_1_267' title='bbox 886 3811 961 3875; x_wconf 85' lang='grc' dir='ltr'>κατὰ</span> <span class='ocrx_word' id='word_1_268' title='bbox 990 3807 1098 3896; x_wconf 76' lang='grc' dir='ltr'>Εὐεργ.</span> <span class='ocrx_word' id='word_1_269' title='bbox 1132 3832 1163 3896; x_wconf 96' lang='lat' dir='ltr'>p.</span> <span class='ocrx_word' id='word_1_270' title='bbox 1195 3811 1286 3875; x_wconf 87' lang='grc'><strong>1143.</strong></span> <span class='ocrx_word' id='word_1_271' title='bbox 1328 3809 1402 3874; x_wconf 78' lang='lat' dir='ltr'>Fuit</span> <span class='ocrx_word' id='word_1_272' title='bbox 1433 3810 1544 3894; x_wconf 83' lang='lat' dir='ltr'>igitur,</span> <span class='ocrx_word' id='word_1_273' title='bbox 1577 3817 1614 3877; x_wconf 89' lang='lat' dir='ltr'>ut</span> <span class='ocrx_word' id='word_1_274' title='bbox 1642 3833 1714 3877; x_wconf 86' lang='lat' dir='ltr'>cum</span> 
     </span>
     <span class='ocr_line' id='line_1_30' title="bbox 536 3920 1714 4012; baseline -0.004 -21"><span class='ocrx_word' id='word_1_275' title='bbox 536 3926 710 4012; x_wconf 70' lang='lat' dir='ltr'>⁴Stephano</span> <span class='ocrx_word' id='word_1_276' title='bbox 743 3923 865 4009; x_wconf 88' lang='lat' dir='ltr'>loquar,</span> <span class='ocrx_word' id='word_1_277' title='bbox 900 3923 1001 4010; x_wconf 85' lang='grc' dir='ltr'>ἐχῖνος</span> <span class='ocrx_word' id='word_1_278' title='bbox 1029 3920 1191 3988; x_wconf 77' lang='lat' dir='ltr'>vesculum</span> <span class='ocrx_word' id='word_1_279' title='bbox 1223 3944 1307 3988; x_wconf 90' lang='lat' dir='ltr'>nunc</span> <span class='ocrx_word' id='word_1_280' title='bbox 1335 3943 1473 4003; x_wconf 88' lang='lat' dir='ltr'>aereum,</span> <span class='ocrx_word' id='word_1_281' title='bbox 1507 3945 1591 3988; x_wconf 90' lang='lat' dir='ltr'>nunc</span> <span class='ocrx_word' id='word_1_282' title='bbox 1625 3943 1714 4010; x_wconf 85' lang='lat' dir='ltr'>opero</span> 
     </span>
     <span class='ocr_line' id='line_1_31' title="bbox 551 4033 1718 4132; baseline -0.003 -28"><span class='ocrx_word' id='word_1_283' title='bbox 551 4038 691 4124; x_wconf 82' lang='lat' dir='ltr'>figulino,</span> <span class='ocrx_word' id='word_1_284' title='bbox 713 4037 747 4101; x_wconf 94' lang='lat' dir='ltr'>in</span> <span class='ocrx_word' id='word_1_285' title='bbox 769 4036 851 4121; x_wconf 92' lang='lat' dir='ltr'>quod</span> <span class='ocrx_word' id='word_1_286' title='bbox 868 4036 1003 4132; x_wconf 56' lang='lat' dir='ltr'>⁴testium</span> <span class='ocrx_word' id='word_1_287' title='bbox 1029 4035 1119 4114; x_wconf 86' lang='lat' dir='ltr'>dicta,</span> <span class='ocrx_word' id='word_1_288' title='bbox 1148 4040 1217 4102; x_wconf 86' lang='lat' dir='ltr'>acta</span> <span class='ocrx_word' id='word_1_289' title='bbox 1244 4033 1318 4115; x_wconf 88' lang='lat' dir='ltr'>litis,</span> <span class='ocrx_word' id='word_1_290' title='bbox 1346 4036 1509 4121; x_wconf 85' lang='lat' dir='ltr'>omniaque</span> <span class='ocrx_word' id='word_1_291' title='bbox 1535 4035 1718 4123; x_wconf 74' lang='lat' dir='ltr'>apsntibus</span> 
     </span>
     <span class='ocr_line' id='line_1_32' title="bbox 536 4148 1715 4239; baseline 0.001 -22"><span class='ocrx_word' id='word_1_292' title='bbox 536 4152 674 4239; x_wconf 87' lang='lat' dir='ltr'>&#39;prolata</span> <span class='ocrx_word' id='word_1_293' title='bbox 699 4148 957 4232; x_wconf 80' lang='lat' dir='ltr'>conficiebantur,</span> <span class='ocrx_word' id='word_1_294' title='bbox 982 4149 1125 4236; x_wconf 82' lang='lat' dir='ltr'>apudque</span> <span class='ocrx_word' id='word_1_295' title='bbox 1146 4154 1335 4234; x_wconf 88' lang='lat' dir='ltr'>sequestrem</span> <span class='ocrx_word' id='word_1_296' title='bbox 1357 4148 1597 4235; x_wconf 85' lang='lat' dir='ltr'>deponebantur,</span> <span class='ocrx_word' id='word_1_297' title='bbox 1620 4148 1715 4218; x_wconf 86' lang='lat' dir='ltr'>donco</span> 
     </span>
     <span class='ocr_line' id='line_1_33' title="bbox 551 4260 1560 4351; baseline -0.005 -22"><span class='ocrx_word' id='word_1_298' title='bbox 551 4264 657 4351; x_wconf 85' lang='lat' dir='ltr'>palam</span> <span class='ocrx_word' id='word_1_299' title='bbox 671 4261 705 4326; x_wconf 91' lang='lat' dir='ltr'>in</span> <span class='ocrx_word' id='word_1_300' title='bbox 720 4262 871 4327; x_wconf 90' lang='lat' dir='ltr'>iudicium</span> <span class='ocrx_word' id='word_1_301' title='bbox 892 4262 1099 4348; x_wconf 85' lang='lat' dir='ltr'>proferrentur</span> <span class='ocrx_word' id='word_1_302' title='bbox 1122 4261 1161 4326; x_wconf 89' lang='lat' dir='ltr'>ad</span> <span class='ocrx_word' id='word_1_303' title='bbox 1182 4261 1370 4327; x_wconf 86' lang='lat' dir='ltr'>sententiam</span> <span class='ocrx_word' id='word_1_304' title='bbox 1393 4260 1560 4326; x_wconf 84' lang='lat' dir='ltr'>ferendam.</span> 
     </span>
    </p>

    <p class='ocr_par' dir='ltr' id='par_1_3' title="bbox 552 4372 1796 4687">
     <span class='ocr_line' id='line_1_34' title="bbox 627 4372 1715 4461; baseline -0.003 -22"><span class='ocrx_word' id='word_1_305' title='bbox 627 4376 715 4453; x_wconf 70' lang='lat' dir='ltr'>dam,</span> <span class='ocrx_word' id='word_1_306' title='bbox 737 4374 791 4459; x_wconf 93' lang='lat' dir='ltr'>qui</span> <span class='ocrx_word' id='word_1_307' title='bbox 813 4375 896 4440; x_wconf 91' lang='lat' dir='ltr'>hunc</span> <span class='ocrx_word' id='word_1_308' title='bbox 919 4374 1063 4439; x_wconf 88' lang='lat' dir='ltr'>echinum</span> <span class='ocrx_word' id='word_1_309' title='bbox 1085 4373 1291 4453; x_wconf 84' lang='lat' dir='ltr'>custodiebat,</span> <span class='ocrx_word' id='word_1_310' title='bbox 1318 4377 1474 4461; x_wconf 79' lang='grc' dir='ltr'>διαιτητής</span> <span class='ocrx_word' id='word_1_311' title='bbox 1496 4377 1638 4454; x_wconf 80' lang='lat' dir='ltr'>vocatur,</span> <span class='ocrx_word' id='word_1_312' title='bbox 1661 4372 1715 4457; x_wconf 91' lang='lat' dir='ltr'>qui</span> 
     </span>
     <span class='ocr_line' id='line_1_35' title="bbox 552 4484 1796 4574; baseline -0.003 -21"><span class='ocrx_word' id='word_1_313' title='bbox 552 4509 631 4553; x_wconf 93' lang='lat' dir='ltr'>num</span> <span class='ocrx_word' id='word_1_314' title='bbox 645 4486 729 4551; x_wconf 91' lang='lat' dir='ltr'>idem</span> <span class='ocrx_word' id='word_1_315' title='bbox 743 4486 837 4551; x_wconf 77' lang='lat' dir='ltr'>filerit</span> <span class='ocrx_word' id='word_1_316' title='bbox 851 4495 943 4571; x_wconf 89' lang='lat' dir='ltr'>atque</span> <span class='ocrx_word' id='word_1_317' title='bbox 958 4488 1072 4552; x_wconf 84' lang='lat' dir='ltr'>arbiter</span> <span class='ocrx_word' id='word_1_318' title='bbox 1087 4488 1135 4551; x_wconf 93' lang='lat' dir='ltr'>vel</span> <span class='ocrx_word' id='word_1_319' title='bbox 1151 4485 1294 4572; x_wconf 91' lang='lat' dir='ltr'>publicus</span> <span class='ocrx_word' id='word_1_320' title='bbox 1310 4487 1358 4552; x_wconf 87' lang='lat' dir='ltr'>vel</span> <span class='ocrx_word' id='word_1_321' title='bbox 1368 4487 1514 4574; x_wconf 33' lang='lat' dir='ltr'>&gt;privatus</span> <span class='ocrx_word' id='word_1_322' title='bbox 1536 4484 1580 4569; x_wconf 90' lang='lat' dir='ltr'>(v.</span> <span class='ocrx_word' id='word_1_323' title='bbox 1595 4490 1716 4570; x_wconf 82' lang='lat' dir='ltr'>practer</span> <span class='ocrx_word' id='word_1_324' title='bbox 1794 4554 1796 4557; x_wconf 56' lang='grc'>,</span> 
     </span>
     <span class='ocr_line' id='line_1_36' title="bbox 552 4597 1709 4687; baseline -0.004 -21"><span class='ocrx_word' id='word_1_325' title='bbox 552 4602 734 4687; x_wconf 88' lang='lat' dir='ltr'>Harpocrat.</span> <span class='ocrx_word' id='word_1_326' title='bbox 761 4622 785 4663; x_wconf 89' lang='lat' dir='ltr'>s.</span> <span class='ocrx_word' id='word_1_327' title='bbox 808 4621 836 4665; x_wconf 90' lang='lat' dir='ltr'>v.</span> <span class='ocrx_word' id='word_1_328' title='bbox 866 4606 982 4665; x_wconf 86' lang='lat' dir='ltr'>nostros</span> <span class='ocrx_word' id='word_1_329' title='bbox 1004 4601 1227 4685; x_wconf 88' lang='lat' dir='ltr'>antiquitatum</span> <span class='ocrx_word' id='word_1_330' title='bbox 1254 4600 1429 4686; x_wconf 84' lang='lat' dir='ltr'>scriptores)</span> <span class='ocrx_word' id='word_1_331' title='bbox 1457 4597 1598 4665; x_wconf 83' lang='lat' dir='ltr'>dubitare</span> <span class='ocrx_word' id='word_1_332' title='bbox 1628 4598 1709 4663; x_wconf 89' lang='lat' dir='ltr'>licet.</span> 
     </span>
    </p>
   </div>
   <div class='ocr_carea' id='block_1_3' title="bbox 0 0 2258 5467">
    <p class='ocr_par' dir='ltr' id='par_1_4' title="bbox 0 0 2258 5467">
     <span class='ocr_line' id='line_1_37' title="bbox 0 0 2258 5467; baseline 0 0"><span class='ocrx_word' id='word_1_333' title='bbox 0 0 2258 5467; x_wconf 95' lang='lat' dir='ltr'> </span> 
     </span>
    </p>
   </div>
  </div>
 </body>
</html>
