4484 5467
934 612 978 667 1111
995 610 1107 668 6110110
1126 614 1310 672 vrerravu
1570 653 1577 666 ·
1637 618 1696 685 ,51

540 786 621 847 suat
641 780 744 870 etiam,
766 782 822 867 qui
842 803 958 862 coxam,
987 784 1051 863 ilia,
1079 806 1113 850 os
1133 799 1255 854 eaerum
1277 786 1383 853 dicant
1410 787 1467 855 hoo
1488 789 1580 854 verbo
1600 790 1698 873 signi·

539 891 642 958 floari.
689 890 875 980 Saepissime
902 915 974 961 vero
1001 896 1118 964 dietum
1147 899 1264 984 reperio
1293 899 1330 964 de
1357 907 1444 987 parte
1470 901 1610 986 quadam
1631 904 1700 969 ani-

540 1003 687 1083 malium,
710 1026 775 1090 qua
794 1006 829 1073 in
850 1007 1007 1075 sacrifieiis
1029 1010 1156 1093 agendis
1177 1011 1354 1078 utebantur.
1396 1014 1445 1078 Ita
1465 1014 1605 1079 Oomieus
1626 1014 1696 1083 Pae.

544 1116 631 1184 1053
668 1119 723 1203 τὴν
756 1119 850 1205 ὀσφὺν
884 1124 917 1185 et
947 1121 1001 1205 τὴν
1034 1122 1140 1209 κέρκον
1174 1129 1210 1188 ut
1240 1131 1343 1211 partos
1370 1126 1519 1192 sacrificii.
1538 1135 1697 1194 memorat

540 1216 644 1309 Quem
665 1230 859 1318 saorifioandi
878 1251 994 1298 morem
1021 1232 1087 1317 (oh.
1109 1235 1203 1301 sohol.
1225 1237 1279 1301 Ar.
1306 1238 1376 1303 Pae.
1401 1239 1498 1324 1053)
1525 1240 1699 1305 deriserunt

539 1347 653 1429 poetae
672 1342 795 1422 11111111,
823 1349 860 1409 ut
880 1343 1076 1413 Phereoretes
1105 1348 1188 1432 apud
1215 1349 1313 1415 Clem.
1334 1350 1392 1415 ΑΙ.
1407 1357 1511 1415 strom.
1533 1351 1605 1430 VH,
1634 1351 1697 1416 846
1764 1329 1766 1331 V

539 1453 659 1538 (1111111.
685 1454 771 1520 Com.
798 1456 843 1535 11,
872 1457 953 1541 261)
986 1462 1017 1523 et
1044 1458 1211 1526 Menander
1240 1462 1322 1549 apud
1356 1463 1558 1545 Athenrv,
1594 1466 1698 1529 1461

538 1565 652 1651 (Mein.
674 1566 759 1635 Gom.
781 1568 833 1648 IV,
858 1568 948 1655 108):
1017 1644 1021 1653 Ι

1060 1685 1088 1748 οἱ
1110 1686 1220 1771 δὲτὴν
1243 1687 1339 1775 ὀσφὺν
1362 1686 1454 1776 ἄκραν

753 1795 802 1859 καὶ
823 1795 876 1879 τὴν
898 1798 995 1882 χολὴν
1019 1796 1092 1863 ὀστᾶ
1113 1796 1136 1861 τ’
1160 1796 1283 1887 ἄβρωτα
1303 1805 1368 1872 τοῖς
1389 1804 1474 1873 θεοῖς
1506 1870 1510 1880 ,

751 1903 911 1985 initiarer,
938 1908 1025 1973 αὐτοὶ
1045 1908 1140 1974 τᾶλλα
1161 1910 1357 1976 κατατίνοοσ’
1383 1915 1443 1978 aar:

541 2022 638 2103 etque
667 2015 751 2084 idem
772 2039 826 2104 ap.
855 2018 970 2085 Athen.
991 2020 1077 2099 Vffl,
1107 2020 1214 2085 36411
1239 2022 1347 2106 (Mein.
1370 2024 1454 2089 Gom.
1476 2025 1533 2103 IV,
1565 2026 1654 2110 161):

752 2132 813 2215 ἐγὼ
837 2133 891 2217 μὲν
915 2128 967 2197 οὖν
991 2133 1032 2198 ὤν
1055 2134 1080 2218 γ’
1108 2135 1124 2197 ὁ
1147 2135 1219 2206 θεὸς
1242 2135 1298 2199 οὐκ
1319 2136 1407 2202 εἴασα
1426 2140 1481 2222 τὴν

751 2242 846 2330 ὀσφὺν
870 2242 905 2309 ἂν
928 2244 976 2310 ἐπὶ
996 2245 1046 2311 τὸν
1070 2247 1175 2333 βωμὸν
1198 2248 1346 2313 ἐπιθεῖναί
1367 2271 1449 2329 ποτε,

544 2354 661 2439 quibus
692 2353 758 2440 ipse
789 2355 967 2420 Athenaeus
985 2357 1172 2442 *praemisitz
1204 2360 1329 2431 θύοντες
1355 2364 1419 2430 τοῖς
1450 2360 1534 2430 θεοῖς
1567 2361 1701 2445 ὀλίγιστα

544 2469 588 2538 εἰς
616 2469 669 2538 τὰς
695 2468 804 2539 θυσίας
830 2469 879 2534 καὶ
907 2470 943 2533 τὰ
970 2469 1099 2557 τυχόντα
1127 2474 1318 2558 δαπανῶμεν.
1362 2472 1444 2536 Aliis
1470 2478 1589 2537 constat
1614 2472 1698 2551 loeis,

543 2582 607 2665 τὴν·
626 2580 721 2666 ὀσφὺν
744 2586 862 2666 partem
885 2601 950 2646 esse
973 2582 1105 2667 eorporis
1127 2582 1215 2647 faciei
1238 2583 1417 2668 oppositam,
1446 2590 1482 2649 ut
1503 2584 1644 2650 Comicus
1665 2585 1699 2648 in

539 2691 732 2779 Amphiarao
754 2692 891 2777 (Aeliam.
913 2692 986 2757 Nat
1005 2694 1111 2791 Anim3
1130 2693 1197 2773 XII,
1221 2696 1250 2773 2,
1273 2696 1366 2760 Mein.
1389 2696 1423 2760 0.
1445 2697 1484 2769 Π,
1505 2698 1583 2782 955)
1605 2696 1698 2761 dixit:

617 2835 619 2840 ·
670 2841 672 2846 ·
744 2805 839 2892 ὀσφὺν
863 2806 886 2871 δ’
903 2806 942 2879 Ιἐξ
966 2806 1067 2892 ἄκρων
1092 2808 1294 2891 drauhsnom
1316 2809 1390 2895 ἠύτε
1411 2810 1532 2893 ripato<

571 2932 573 2937 '
666 2952 669 2957 ·
743 2918 852 3005 ἀνδρὸς
869 2918 1056 3006 ’πρεσβύτοοτ
1151 2927 1153 2931 ’

538 3028 597 3095 ubi
625 3029 721 3116 depos
750 3030 784 3103 ἐξ
812 3030 911 3117 ἄκρων
940 3030 1031 3094 idem·
1049 3030 1146 3109 valet,
1180 3031 1260 3113 quod
1288 3032 1370 3115 apud
1397 3032 1600 3097 Menandrum
1627 3033 1648 3096 1.
1678 3033 1722 3097 1.Ι

539 3140 639 3227 ὀσφὺν
663 3139 773 3228 ἄκραν,
799 3162 854 3227 per
878 3142 1017 3223 „lumbos
1037 3147 1205 3207 extremos“
1237 3143 1275 3206 ab
1296 3143 1515 3228 interpretibus
1535 3144 1699 3208 redditum.

539 3254 675 3339 Κίγκλον
697 3253 825 3319 Photius
846 3276 871 3318 s.
886 3276 916 3318 v.
940 3261 970 3319 ot
992 3255 1164 3338 Hesychius
1186 3278 1210 3318 s.
1226 3275 1256 3318 v.
1279 3256 1480 3340 διακίγκλισον
1502 3276 1590 3320 avem
1605 3256 1705 3321 fuisso-

538 3366 679 3445 tradunt,
701 3366 796 3431 etiam
818 3367 1151 3452 eereorop'derdietam.
1187 3366 1325 3431 Eandem
1339 3366 1430 3452 plane
1444 3367 1700 3451 significationem

538 3480 636 3546 habet
656 3478 845 3564 Antiphanis
867 3500 978 3544 versus
995 3479 1078 3565 apud
1099 3480 1213 3544 Athen.
1235 3479 1302 3558 VII,
1326 3479 1387 3543 265
1405 3481 1430 3542 if.
1459 3480 1568 3565 (Mein.
1590 3480 1624 3544 Ο.
1646 3481 1699 3560 111,

540 3594 598 3677 72)
621 3631 662 3638 —
678 3594 802 3680 κέστρας
818 3593 921 3679 ὀσφύς,
943 3614 1013 3677 pars
1029 3597 1166 3657 extrema
1180 3592 1273 3676 piscis
1288 3591 1456 3656 cuiusdam.
1491 3593 1548 3657 Cui
1563 3594 1700 3678 proxime

539 3705 705 3790 Hermippi
732 3725 839 3769 versus
869 3704 951 3790 apud
975 3704 1118 3769 Eustath.
1149 3705 1188 3768 ad
1210 3704 1266 3768 Od.
1292 3706 1388 3784 1828,
1419 3706 1459 3770 58
1488 3704 1580 3789 atque
1602 3707 1641 3770 ad
1663 3707 1699 3770 ll.

539 3819 615 3896 877,
629 3817 679 3881 ’55
702 3816 810 3901 (Mein.
834 3816 920 3895 c.11‚
943 3816 1021 3901 405)
1044 3816 1194 3881 accedunt
1214 3854 1255 3865 -
1278 3820 1328 3882 καὶ
1349 3820 1403 3902 τὴν
1427 3814 1490 3904 qioro
1513 3820 1699 3905 περιδεῖσθατ

539 3932 608 4016 περὶ
634 3930 690 4013 τὴν
720 3930 824 4015 ὀσφύν.
868 3928 1008 4013 Denique
1036 3929 1145 3994 Noster
1172 3928 1208 3993 in
1236 3929 1405 4013 Lysistrata
1432 3951 1462 3994 v.
1490 3931 1569 4011 964,
1602 3949 1699 4013 quum
1831 3984 1834 3989 ,

537 4041 643 4107 variae
671 4041 804 4125 eorporis
831 4047 932 4125 partes
960 4041 1114 4121 nominat,
1144 4062 1222 4126 quae
1251 4042 1445 4127 potissimum
1474 4042 1602 4107 libidine
1632 4044 1699 4106 affi-

537 4154 663 4219 oiantur
685 4174 720 4217 aa
733 4152 902 4236 tentigine,
923 4154 978 4239 τὴν
1002 4154 1097 4240 ὀσφὺν
1120 4174 1192 4218 eam
1210 4153 1286 4219 dicit
1306 4162 1434 4240 partem,
1458 4177 1551 4239 quem
1566 4155 1699 4219 Zonaras

537 4274 570 4331 ot
597 4265 797 4349 Etymologus
826 4266 866 4329 M.
895 4265 944 4329 hie
972 4264 1142 4350 explicant:
1170 4268 1206 4330 τὰ
1228 4268 1356 4352 πλησίον
1379 4272 1434 4334 τοῦ
1457 4270 1605 4353 pithaei,
1634 4267 1696 4350 ἡὴ

540 4383 628 4466 ῥάχις
650 4378 670 4462 ἢ
694 4380 713 4461 ἡ
740 4377 815 4463 ψόα,
844 4378 918 4442 item
946 4378 1076 4461 Etymol.
1105 4379 1146 4442 Μ.
1174 4401 1197 4443 s.
1221 4400 1251 4442 v.
1282 4380 1359 4465 ἱερὸν
1390 4382 1516 4458 ὀστοῦν,
1545 4380 1578 4441 τὸ
1607 4378 1697 4464 ἄκρον

537 4497 595 4577 τῆς
618 4490 748 4576 ὀσφύος·
772 4490 851 4554 οὕτω
874 4492 930 4576 γὰρ
953 4491 1102 4575 κέκληται,
1126 4490 1170 4555 ὅτι
1195 4492 1272 4577 μέγα
1295 4493 1384 4570 ἐστίν,
1406 4492 1487 4577 riphat
1503 4493 1709 4576 ἱερολογεῖτατ

536 4608 603 4675 τοῖς
620 4604 720 4684 ¹herda
763 4601 893 4672 Videtur
913 4602 1009 4686 igitur
1030 4602 1134 4689 ipsum
1155 4624 1189 4679 oe
1207 4621 1331 4675 sacrum
1345 4609 1408 4679 aot
1429 4603 1525 4691 ὀσφὺς
1546 4598 1700 4690 dement
1759 4614 1761 4617 ’
