4484 5467
1037 643 1234 702 ΣΦΗΚΕΣ

707 823 803 887 καίτοι
825 822 869 891 τίς
892 822 971 907 ὑμᾶς
993 818 1026 884 εὖ
1049 825 1145 885 ποιεῖν
1169 822 1337 905 δονήσεται,

705 936 741 1018 ἣν
767 936 807 1019 μή
829 958 855 998 τι
877 934 972 1018 κάμοί
992 958 1035 1003 τις
1057 933 1216 1020 προβάλλῃ
1239 938 1284 1017 τῷ
1305 931 1372 995 κυνί
1379 953 1386 1009 ;

1029 1053 1239 1114 olAuKAEnN.

707 1154 795 1218 οὐδὲν
820 1154 1001 1239 μετέδωκεν;

1050 1279 1206 1337 ΞΑΝΘΙΑΣ.

1015 1379 1087 1442 οὐδὲ
1109 1384 1155 1463 τῷ
1176 1385 1269 1464 κοινῷ
1290 1376 1321 1460 γ’
1346 1377 1424 1461 ἐμοί.

940 1501 944 1505 ’
1025 1502 1231 1560 ΦΙΛΟΚΛΕΩΝ.

705 1601 819 1685 θερμὸς
841 1600 899 1685 γὰρ
922 1601 996 1686 ἁνὴρ
1020 1600 1108 1665 οὐδὲν
1130 1602 1218 1685 ἷγετον
1239 1606 1295 1684 τῆς
1317 1604 1426 1685 φακῆς.

1011 1722 1249 1781 ΒΔΕΛΥΚΛΕΩΝ.

703 1823 779 1908 πρὸς
800 1826 860 1886 τῶν
883 1824 974 1900 θεῶν,
998 1826 1040 1909 μὴ
1065 1820 1347 1912 προκαταγίγνωσκ’
1373 1822 1399 1884 ὦ
1422 1825 1525 1907 πάτερ,

705 1935 772 2019 πρὶν
795 1934 830 1998 ἄν
853 1934 883 2018 γ’
909 1936 1045 2020 ἀκούσῃς
1068 1936 1258 2023 ἀμφοτέρων.

1022 2059 1231 2119 ΦΙΛΟΚΛΕΩΝ.

1270 2157 1333 2222 ἀλλ’
1359 2157 1463 2242 ὦγαθὲ

702 2271 736 2334 τὸ
759 2276 882 2359 πρᾶγμα
905 2270 1032 2357 φανερόν
1056 2272 1148 2335 ἐστιν·
1171 2269 1245 2335 αὐτὸ
1268 2271 1326 2357 γὰρ
1350 2274 1417 2359 βοᾷ.

615 2562 674 2614 ἔνιοι
691 2561 720 2614 τὸ
739 2562 753 2614 ὁ
770 2561 890 2635 βδελυρὸς
912 2568 949 2633 τῷ
969 2560 1125 2616 Φιλοκλέωνι
1142 2560 1265 2614 eleuant:
1287 2561 1373 2629 itaque
1394 2561 1421 2612 in
1445 2562 1575 2615 nonnullis
1601 2564 1656 2629 alii,
1681 2569 1708 2615 nt

615 2647 691 2701 Dind.
714 2652 812 2711 censet,
839 2662 912 2699 servo
939 2648 1081 2715 adscriptus
1104 2646 1180 2698 luerit
1201 2661 1296 2698 versus.
1332 2644 1384 2697 Sed
1407 2645 1438 2699 R.
1461 2646 1594 2703 Xanthiae
1617 2666 1707 2704 nomen

615 2734 709 2797 omisit,
726 2738 751 2786 et
763 2735 910 2800 sequentem
928 2748 951 2785 ν.
971 2731 1043 2784 alteri
1056 2731 1107 2783 dat.
1143 2730 1231 2799 Itaque
1244 2731 1302 2783 Ald.
1315 2730 1380 2783 lunt.
1392 2731 1467 2786 Kust.
1480 2732 1565 2802 Bergl.
1579 2752 1604 2788 ν.
1618 2737 1706 2790 914-

614 2818 665 2871 916
683 2819 831 2871 continuant
848 2815 1015 2879 Philocleoni,
1039 2832 1063 2869 v.
1082 2815 1132 2868 917
1156 2830 1229 2867 servo
1247 2814 1370 2869 tribuunt.
1394 2846 1427 2853 -
1444 2817 1589 2873 Brunolrius
1607 2822 1655 2874 κοῦ
1674 2852 1705 2861 -

573 2899 575 2904 ”
614 2905 671 2957 κυνὶ
688 2904 817 2956 Xanthiee
835 2902 917 2967 dedit,
935 2903 1035 2971 sequuti
1053 2905 1113 2955 sunt
1129 2902 1183 2954 Inr.
1201 2901 1272 2953 Bekk
1297 2901 1373 2955 Dind.
1390 2903 1490 2957 Hirsoh.
1508 2904 1604 2974 Bergk.
1622 2937 1656 2944 —
1673 2909 1704 2961 V.

613 2993 670 3046 917.
694 2992 725 3045 R.
749 2990 762 3043 ὁ
783 2994 825 3045 κϋ.
862 2990 955 3042 omisso
976 2987 1106 3041 Xanthiae
1129 2988 1237 3042 nomine.
1259 2987 1356 3041 Versus
1377 2989 1453 3057 vulgo
1475 3006 1549 3043 servo
1574 2993 1704 3047 tribuitur.

612 3075 734 3128 Brunolrii
752 3074 955 3126 distributionem
973 3074 1025 3125 lnr.
1044 3072 1123 3126 Bekk.
1141 3072 1216 3125 Dind.
1234 3073 1361 3141 Hirschig.
1383 3081 1546 3143 receperunt3
1569 3082 1705 3147 utrumque

612 3175 713 3212 versum
732 3159 781 3211 917
799 3162 825 3210 et
843 3157 893 3210 918
911 3158 1066 3210 Philocleoni
1084 3158 1154 3210 dedit
1171 3158 1264 3227 Bergk.
1282 3158 1404 3212 Perverse
1427 3162 1505 3215 schol.
1528 3162 1580 3215 ἔστι
1602 3165 1636 3215 τὰ
1659 3165 1704 3233 μὲν

612 3243 661 3316 πρὸ
678 3242 776 3295 τοὺτων
794 3246 840 3294 τοῦ
857 3238 1019 3313 θεράποντος,
1036 3241 1069 3293 τὰ
1086 3240 1113 3293 δὲ
1131 3246 1176 3295 τοῦ
1194 3245 1318 3316 γέροντος.

576 3366 601 3402 r.
615 3347 672 3400 917.
707 3346 735 3414 γέ
758 3364 801 3415 μοι
819 3346 849 3400 R.
866 3347 942 3399 Dind.
960 3348 987 3398 in
1004 3347 1084 3401 Paris.
1108 3350 1177 3401 etin
1195 3351 1270 3414 notis,
1288 3349 1416 3417 Hirsohig.
1443 3350 1471 3420 γ’
1490 3349 1546 3419 ἐμοὶ
1563 3354 1651 3422 vulgo.
1673 3384 1703 3391 —

614 3431 671 3485 οὐδὲ
687 3437 741 3483 τῶν
758 3439 850 3485 κοινῶν
869 3432 924 3500 ἐμοὶ
940 3434 1099 3501 proponebat
1116 3436 1258 3489 Dobraeus.

576 3555 600 3590 ν.
613 3536 672 3590 991.
706 3536 754 3607 γὰρ
772 3553 821 3591 om.
839 3538 870 3591 n.

540 3779 680 3852 κατήρυγεν
699 3776 731 3829 (le
747 3775 820 3829 laena
838 3776 946 3829 calorem
959 3781 1096 3832 eructante.
1147 3781 1219 3846 bere,
1256 3782 1328 3836 ouius
1358 3781 1475 3834 defensor
1503 3785 1590 3833 exstat
1621 3782 1701 3851 quivis

541 3866 584 3921 Slc
616 3863 755 3935 ἐνετίλησεν
787 3863 849 3915 ech.
878 3862 936 3916 351.
980 3864 1096 3937 ἐνέκραγε
1145 3872 1284 3933 aecusator,
1302 3868 1451 3936 praesertim
1469 3867 1494 3918 ἐν
1512 3873 1569 3924 ταῖς
1586 3875 1700 3940 γραφαῖς.

539 3951 606 4003 Plut.
623 3950 682 4013 497,
700 3950 732 4002 es.
750 3948 838 4001 Elmsl.
856 3949 919 4001 Aen.
937 3966 961 4003 ν,
979 3950 998 4007 l.
1195 3970 1218 4007 ν.
1237 3954 1296 4007 990.
1330 3954 1386 4026 πρὶν
1405 3952 1435 4004 ἄν
1453 3952 1491 4022 γ’.
1527 3951 1565 4006 Ol.
1585 3954 1654 4006 Rois,
1673 3954 1699 4006 C.

589 4053 614 4089 ν.
633 4036 691 4089 916.
717 4034 786 4087 novt:
804 4034 882 4087 sohel.
894 4030 961 4086 καθὸ
974 4034 1094 4106 δικαστὴς
1143 4056 1167 4106 p.
1195 4039 1228 4091 66
1261 4044 1287 4093 et
1313 4055 1390 4108 supra
1418 4038 1450 4091 ad
1476 4054 1500 4091 v.
1525 4038 1584 4092 795.
1612 4040 1699 4093 Elmsl.

538 4122 581 4174 καὶ
596 4119 723 4192 κυνώδης.
749 4120 853 4194 πτωχὸς
870 4122 926 4193 γάρ.
952 4121 1032 4174 Immo
1049 4122 1092 4194 ἇρ-
1142 4124 1206 4177 th.
1226 4124 1282 4178 176.
1638 4137 1640 4140 '

538 4206 588 4267 παξ
605 4207 648 4259 καὶ
666 4206 748 4278 ἕτερος
767 4205 861 4279 Λάβης.
897 4206 1015 4259 Cleonem
1034 4220 1092 4261 eum
1192 4227 1216 4263 ν.
1235 4211 1293 4263 991.
1329 4210 1390 4263 αὐτὸ
1408 4210 1456 4280 γὰρ
1474 4208 1530 4281 βοᾷ.
1560 4210 1699 4281 Comperes

537 4309 600 4346 cane
617 4293 766 4359 comparari,
783 4308 860 4361 supra
878 4296 903 4345 et
915 4308 947 4345 ex
959 4284 1093 4361 equitibus
1141 4295 1259 4348 Axioniei
1271 4296 1360 4366 fragm.
1373 4313 1413 4365 ep.
1426 4296 1519 4349 Athen.
1531 4297 1601 4362 VHI,
1613 4297 1665 4351 349
1674 4298 1697 4352 b.

494 4389 499 4399 ’
535 4379 653 4432 vidimus.
949 4382 952 4390 '
1140 4382 1215 4434 Mein.
1239 4380 1267 4434 O.
1291 4383 1327 4435 III
1348 4399 1373 4451 p.
1395 4381 1458 4436 532:
1484 4382 1532 4453 βοᾷ
1555 4382 1580 4434 δ’
1605 4382 1697 4442 ὄνειδος

588 4483 611 4519 ν.
630 4466 688 4519 917.
717 4469 809 4536 κοινῷι
827 4464 905 4518 schol.
918 4465 955 4535 τῷ
967 4470 1091 4536 κοινωνῷ.
1141 4463 1696 4541 (1011.τοῦνειδος)ἶδιον,ὦΚαλαίδη(Μθίο.

536 4547 631 4601 Verum
655 4550 754 4603 ridetur
775 4566 825 4602 non
848 4555 945 4604 tentum
964 4554 1034 4604 oanis
1052 4567 1092 4604 so·
1141 4548 1295 4625 Καλλιάδγ).
1324 4553 1422 4606 Itanos
1439 4554 1585 4623 frequenter
1603 4557 1696 4607 utimur

537 4633 599 4697 eins,
617 4636 663 4689 sed
680 4639 757 4690 etiam
774 4637 804 4689 τὸ
822 4638 905 4691 κοινὸν
925 4638 1032 4705 intelligi
1049 4637 1091 4689 de·
1139 4638 1231 4691 verbo:
1249 4639 1432 4693 selbstredend.
1462 4640 1535 4695 Dem.
1546 4660 1574 4694 π.
1586 4660 1695 4715 παραπρ.
