4484 5467
1023 600 1220 664 solim

1003 775 1239 838 snsHKltuN.

696 879 826 964 πονηρός
849 879 887 958 εἴ,
910 879 1013 966 πόρρω
1036 878 1143 965 τέχνης
1165 879 1214 942 καὶ
1236 878 1420 964 παράβολος.

1013 1000 1220 1058 ΦΙΛΟΚΛΕΩΝ.

695 1100 755 1185 ἐγὼ
780 1098 926 1184 πονηρόςι
951 1099 986 1162 οὐ
1012 1100 1053 1184 μὰ
1074 1097 1123 1163 Δί’
1148 1098 1211 1163 ἀλλ’
1238 1098 1293 1163 οὐκ
1317 1098 1411 1164 οἶσθα
1437 1099 1473 1164 σὺ

694 1217 746 1277 νῦν
772 1210 805 1297 μ’
830 1208 903 1288 ὄντ’Ι
920 1210 1056 1297 ἄριστον·
1079 1209 1142 1276 ἀλλ’
1167 1210 1251 1289 ἴσως,
1274 1211 1343 1278 ὅταν
1367 1213 1472 1301 φάγῃς

575 1341 586 1355 '
694 1325 890 1409 ὑπογάστριον
914 1323 1055 1409 γέροντος
1077 1325 1265 1405 ἡλιαστικοῦ.

998 1447 1236 1507 ΒΔΕΛΙΜΕΩΝ.

695 1546 768 1610 uider
791 1546 840 1610 τὸν
864 1544 932 1612 ὄνον
958 1547 993 1611 σὺ
1017 1547 1125 1612 καύτόν
1149 1548 1190 1619 εἰς
1212 1550 1266 1634 τὴν
1292 1549 1397 1614 οἰκίον.

1013 1670 1220 1730 ΦΙΛΟΚΛΕΩΝ.

697 1769 721 1832 ὦ
747 1772 933 1845 ξυνδικασταὶ
955 1772 1004 1837 καὶ
1025 1770 1134 1837 Κλέων
1159 1770 1299 1858 ἀμύνοιτο

573 2074 597 2111 v.
613 2058 670 2112 196.
695 2058 729 2117 εἰς
739 2059 768 2111 lt.
781 2059 809 2112 l'.
820 2059 898 2112 Bcklr.
908 2057 999 2124 Bergk.
1010 2057 1035 2117 ἐς
1045 2057 1154 2110 Brunelr.
1164 2057 1238 2111 Dind.
1249 2058 1374 2127 Hirsohig.
1384 2058 1435 2112 rid.
1445 2073 1534 2127 supra.
1557 2060 1600 2113 ael
1609 2055 1677 2113 σωτόι
1727 2117 1729 2132 γ

607 2146 691 2213 vulgo,
704 2146 760 2215 lego
773 2143 833 2199 ὤθει
845 2144 888 2199 τόν
902 2143 959 2199 όνον
973 2144 1002 2198 σ)
1014 2142 1109 2196 andria
1123 2143 1156 2203 εἰς
1165 2144 1211 2217 τὴν
1221 2143 1310 2197 οἰκίαν.
1329 2144 1428 2214 Nempe
1438 2144 1473 2197 ad
1482 2145 1623 2200 Xanthiam
1629 2147 1679 2200 haer.

538 2375 636 2427 tissima
655 2390 682 2427 re
700 2373 732 2427 cf.
750 2372 829 2426 schol.
848 2372 922 2424 llein.
938 2370 1007 2424 Com.
1018 2370 1054 2423 IV
1065 2386 1091 2439 p.

540 2460 596 2514 113.
609 2460 621 2512 Ι
632 2475 657 2527 p.
668 2458 726 2512 208.
753 2458 876 2527 Archippi
889 2457 1009 2520 fabulam,
1027 2473 1092 2526 quae

538 2546 586 2599 hoc
605 2546 704 2598 nomine
722 2560 769 2598 usa
786 2546 833 2607 est,
851 2542 900 2595 vid.
920 2560 960 2611 ap.
975 2544 1049 2596 llein.
1063 2541 1091 2595 Ο.

539 2631 561 2684 ll
578 2648 604 2700 p.
623 2629 680 2682 724.
718 2629 847 2693 Ceterum,
869 2645 946 2698 quum
970 2644 998 2681 se
1016 2623 1090 2682 Οὖτιν

538 2716 660 2787 appellari
686 2715 786 2780 dixerit,
809 2716 909 2784 egregie
934 2714 1012 2778 addit,
1037 2713 1093 2788 περὶ

538 2802 596 2855 daeo
616 2808 696 2865 σκιᾶς,
719 2802 735 2855 i.
754 2817 776 2855 e.
800 2801 831 2854 de
854 2801 931 2871 nihilo
949 2816 976 2853 se
994 2815 1092 2870 pugna·

538 2894 631 2945 turum.

588 2994 611 3028 v.
632 2976 688 3029 192.
724 2974 810 3048 πόρρω
828 2975 928 3046 τέχνης.
958 2972 1039 3026 Credo
1057 2973 1094 3024 in-

537 3063 739 3134 terpungendum
752 3077 821 3114 osse:
838 3059 988 3132 adsaporet,
1007 3058 1094 3131 πόρρω

537 3152 628 3224 τέχνης
645 3150 689 3201 καὶ
706 3167 733 3201 π.
769 3147 841 3201 Sales
864 3147 944 3214 patris
961 3145 1028 3197 tilius
1048 3145 1094 3196 inr-

537 3238 637 3306 probat,
654 3235 741 3307 πόρρω
753 3234 844 3306 τέχνης
862 3232 940 3300 igitur
958 3230 1041 3299 signif.
1057 3230 1093 3281 r'a-

538 3324 630 3386 culans,
649 3324 678 3375 ut
695 3319 763 3389 apud
784 3320 966 3389 Hippocratem
984 3318 1057 3385 epist.
1071 3316 1094 3380 9,

538 3424 613 3477 quem
625 3406 760 3474 Berglerus
772 3404 893 3469 laudauit,
906 3404 993 3476 πόρρω
1007 3401 1095 3474 aaa<

537 3495 667 3563 insipiens.
698 3491 745 3545 uui
757 3491 911 3560 oppositum,
929 3506 979 3559 quo
992 3490 1094 3559 saepius

538 3582 632 3633 Noster
654 3580 744 3641 utitur,
770 3578 838 3650 ardep
864 3578 942 3650 τέχνιρ
965 3577 1010 3645 sq.
1034 3574 1092 3629 592.

538 3664 675 3719 Nausea
691 3663 763 3716 1322.
785 3662 845 3730 Lys.
864 3662 923 3716 412.
946 3662 1015 3716 Εσσλ
1034 3661 1093 3714 366.

537 3751 595 3804 534.
632 3750 726 3805 Contra
747 3752 840 3805 schola
863 3749 910 3803 σόοι
931 3747 980 3801 ἀπὸ
1002 3748 1093 3820 τέχνης

538 3837 604 3897 τινός
632 3837 741 3911 πονηρός
769 3838 790 3890 el
816 3836 868 3889 οὐδ’
899 3833 948 3888 ἀπὸ
979 3833 1093 3904 μελέτης,

539 3923 605 3977 ἀλλὰ
622 3922 700 3996 picea
713 3952 746 3961 —
764 3922 919 3996 παράβολοςι
938 3921 968 3973 V.
987 3919 1016 3972 οἰ
1033 3920 1093 3989 γνή·

539 4028 597 4072 σισς,
614 4010 682 4064 Vict.
701 4009 837 4081 τολμηρός.

588 4113 612 4148 u.
633 4095 689 4149 193.
724 4095 842 4167 πονηρός.
868 4096 948 4148 Filius
966 4111 1044 4163 quum
1057 4094 1094 4146 di·

538 4185 618 4236 xisset
638 4182 795 4251 improbum,
821 4182 936 4250 ineptum
959 4184 1034 4249 atque
1055 4182 1093 4233 in-

538 4269 635 4321 sulsum
653 4271 752 4338 patrem
770 4282 838 4332 esse,
856 4273 929 4337 pater
947 4267 1019 4319 noris
1037 4266 1096 4319 sali-

538 4357 586 4408 bus
598 4355 746 4426 respondet:
764 4352 872 4425 πσνηρὸς
885 4355 961 4405 etiam
977 4368 1006 4405 eo
1019 4368 1095 4405 sensu

538 4443 643 4510 repetit,
669 4458 719 4511 quo
746 4440 883 4508 explicavit
904 4439 1041 4492 scholiasta
1063 4440 1094 4491 R.

538 4526 637 4595 λέγουσί
653 4547 717 4587 τινες
735 4528 778 4580 καὶ
790 4526 887 4597 πονηρὰ
905 4526 966 4596 κρέα
983 4526 1037 4578 ἀντὶ
1049 4530 1093 4578 τοῦ

540 4615 629 4684 σαπρό.
674 4614 722 4679 Qui
752 4630 829 4683 quum
857 4628 924 4666 nunc
951 4612 1034 4680 pullus
1062 4614 1095 4664 sit

1143 2370 1236 2423 asellae
1261 2372 1336 2437 atque
1363 2368 1448 2422 asellis
1472 2375 1611 2425 vescantur
1628 2371 1683 2426 loe

1142 2455 1427 2525 nienses,ambiguilate
1436 2457 1512 2510 verbi
1521 2457 1621 2531 ἄριστον
1631 2457 1685 2518 Ιιόλ

1142 2541 1344 2611 quodsigniticat
1354 2544 1380 2593 et
1392 2542 1521 2611 optimum
1531 2545 1684 2614 etprandinn

1141 2628 1195 2680 Iam
1221 2642 1280 2681 rere
1304 2625 1469 2701 ὐπσγάστριον
1493 2630 1612 2703 γέροντος
1634 2629 1686 2700 illu·

1142 2718 1227 2767 στικσῦ
1244 2714 1337 2784 ipsius,
1355 2730 1432 2783 quam
1449 2715 1592 2782 eduxerat,
1609 2717 1687 2770 1ιο11ωι

1145 2816 1245 2865 sumen3
1272 2799 1340 2869 quod
1362 2816 1440 2869 quum
1460 2800 1516 2854 ista
1539 2804 1622 2858 soleat
1640 2802 1688 2864 uehi

1145 2903 1218 2940 suum
1235 2904 1303 2941 nunc
1316 2887 1378 2940 dicit
1391 2901 1491 2939 sumen.
1523 2889 1614 2960 Itaque
1629 2903 1688 2943 senei

1145 2976 1267 3043 pervertit
1289 2973 1385 3037 omnia,
1407 2972 1485 3026 mode
1511 2990 1540 3028 se
1562 2976 1636 3029 modo
1651 2974 1689 3027 bel·

1144 3062 1213 3114 luam
1230 3060 1338 3128 intelligi
1354 3060 1453 3113 iubens.
1470 3106 1474 3112 ,
1490 3060 1584 3115 Potest
1601 3076 1689 3133 quoque,

1146 3145 1213 3216 quod
1226 3145 1362 3214 Berglerus
1380 3148 1477 3211 censet,
1496 3148 1616 3217 γέροντος
1633 3146 1689 3220 iphr-

1145 3235 1230 3285 στικσῦ
1253 3248 1319 3284 nunc
1342 3232 1407 3284 asini
1424 3247 1482 3285 esse
1502 3234 1654 3304 appellatio,
1671 3235 1691 3283 rt

1144 3334 1222 3387 supra
1239 3316 1379 3390 οιλητῆρσςι
1399 3322 1455 3371 tum
1472 3316 1641 3394 ὑπογάστριον
1658 3320 1690 3371 aut

1144 3405 1241 3474 pullum
1259 3403 1387 3472 significat
1404 3407 1449 3456 aut
1466 3420 1566 3471 senem,
1584 3407 1628 3476 qui
1643 3403 1692 3475 pulli

1144 3492 1212 3545 sices
1231 3490 1291 3558 agit.
1322 3490 1481 3544 scholiastae
1502 3493 1647 3545 contraite
1661 3506 1693 3544 er·

1144 3577 1284 3645 plicarunt·
1292 3580 1320 3628 ut
1331 3576 1405 3628 latini
1416 3576 1574 3645 interpretes
1586 3578 1692 3631 reddunt:

1144 3677 1207 3731 „ego
1225 3662 1371 3732 improbus?
1394 3677 1446 3715 nen
1463 3662 1599 3732 proiecto:
1617 3663 1694 3718 seru

1143 3751 1227 3803 nescis
1244 3766 1320 3814 nunc,
1338 3764 1378 3801 nre
1396 3763 1452 3801 esse
1470 3749 1557 3803 virum
1568 3752 1694 3820 optimum:

1144 3837 1208 3889 terte
1230 3837 1315 3888 tamen
1336 3834 1437 3903 quando
1460 3836 1584 3890 comedes
1611 3850 1695 3897 τοιοσο,

1144 3922 1212 3991 quod
1220 3921 1292 3974 dabit
1300 3937 1378 3974 senex
1386 3920 1547 3987 heliasticus,
1559 3925 1616 3976 tum
1625 3920 1695 3976 scies⁸

1144 4008 1257 4076 (Bergl.).
1279 4007 1368 4060 Melius
1389 4006 1544 4061 scholiasta:
1563 4008 1617 4062 ἐπεὶ
1638 4007 1696 4062 onr-

1145 4094 1206 4166 στής
1233 4095 1309 4157 ἐστιν,
1331 4091 1384 4165 epp
1410 4092 1530 4162 γέροντος
1558 4094 1697 4167 ἡλιαστικοῦ

1145 4181 1200 4233 ἀντὶ
1217 4184 1262 4232 τοῦ
1282 4179 1349 4232 ὄνου.

1198 4284 1222 4318 ν.
1243 4267 1299 4319 197.
1329 4260 1433 4318 Κλέωνι
1451 4264 1534 4319 schol.
1550 4266 1606 4321 ἐπεὶ
1621 4263 1699 4321 hildi·

1146 4371 1182 4406 ων
1194 4351 1275 4405 ἐδόκει
1290 4349 1393 4420 μισθοὺς
1410 4348 1557 4423 πορίζεσθαι
1574 4358 1613 4426 τῷ
1625 4353 1700 4422 λεπτῷ

1146 4439 1229 4510 δήμῳ.
1259 4438 1327 4503 Cleo,
1345 4454 1434 4490 senum
1451 4438 1569 4493 iudicum
1586 4440 1702 4495 amicissi-

1146 4541 1210 4589 mus,
1229 4526 1364 4577 arcessitur
1382 4541 1405 4576 r.
1418 4524 1477 4590 409,
1490 4526 1519 4577 ut
1528 4526 1586 4595 ipse
1599 4527 1646 4597 sq.
1659 4524 1702 4580 255

1148 4628 1236 4665 senum
1254 4611 1367 4665 iudicum
1386 4611 1509 4665 auxilium
1527 4613 1658 4683 implerat.
