4484 5467
560 662 604 713 DE
622 661 793 716 IVDICIBVS
813 664 1069 750 arnauluusmu
1086 664 1268 731 uuuvsovu
1285 664 1512 720 IVDIGIALIBVS
1554 670 1613 731 115

413 881 416 886 -
452 853 568 917 magna
587 834 681 898 fuerit
698 841 729 898 et
747 840 870 919 propter
887 836 1034 919 exiguum
1048 837 1186 901 iudicum
1207 858 1372 901 numerum
1393 838 1515 922 (Pollux
1534 840 1614 918 VIII,

456 945 533 1030 125)
552 954 583 1009 et
599 953 721 1030 propter
737 944 980 1010 iurisdictionem
991 948 1189 1032 singularem.
1224 950 1324 1026 Quare
1339 949 1449 1016 Pollux
1466 952 1486 1015 I.
1503 953 1523 1017 l.
1541 956 1615 1019 κατὰ

458 1060 563 1146 μικρδν
579 1061 612 1123 δὲ
629 1058 833 1143 κατεγελοίσίίη
846 1058 879 1121 τδ
897 1063 957 1124 τῶν
970 1061 1084 1146 ἐφετῶν
1103 1064 1304 1147 δικαστήριον.
1332 1062 1418 1139 Quod
1435 1063 1469 1127 in
1480 1065 1615 1151 Areopa·

454 1193 530 1254 gum
542 1191 661 1255 quoque
672 1169 795 1234 videtur
806 1169 959 1252 cecidisse,
971 1182 1169 1255 quamquam,
1181 1179 1217 1236 ut
1228 1172 1310 1237 idem
1321 1173 1432 1238 Pollux
1443 1176 1495 1253 ait,
1508 1177 1614 1243 Σόλων

455 1287 489 1349 δὲ
512 1284 617 1352 αὐτοῖς
638 1282 880 1369 προσκατέστγσε
909 1282 968 1366 (ita
993 1281 1121 1361 Bekker,
1148 1284 1256 1348 malim
1283 1286 1473 1372 προκατέστ.)
1500 1289 1553 1372 τὴν
1583 1290 1615 1362 ἐξ

452 1398 576 1483 Ἀρείου
588 1396 687 1479 πάγου
701 1395 824 1482 βουλήν.
847 1392 984 1457 Nimiam
996 1393 1180 1458 iudiciorum
1192 1395 1429 1480 simplicitatem,
1442 1398 1527 1462 uelut
1538 1399 1614 1464 illud

456 1508 610 1594 ὑπαίθριοι
622 1506 759 1578 ἐδίκαζον
771 1503 846 1568 Poll.
857 1505 938 1587 VIII,
954 1506 1023 1585 118,
1040 1528 1111 1570 oum
1122 1506 1250 1590 reliquis
1261 1507 1467 1573 tribunalibus
1478 1531 1615 1575 eommu-

455 1619 593 1700 micabat,
628 1616 755 1701 Antiph.
779 1642 808 1679 π.
832 1642 856 1680 τ.
877 1616 1020 1704 Ἡρώδου
1051 1617 1146 1705 φόνου
1170 1641 1198 1703 p.
1223 1620 1277 1683 70:
1307 1621 1423 1687 ἅπαντα
1447 1624 1482 1686 τὰ
1507 1626 1562 1686 δικ.
1584 1625 1614 1689 ἐν

456 1732 598 1816 ὑπαίθρῳ
626 1731 736 1801 δικάζει
763 1728 815 1797 τὰς
841 1729 925 1798 δίκας
950 1734 1004 1793 τοῦ
1032 1730 1137 1816 φόνου.
1183 1730 1269 1807 Quod
1297 1752 1368 1795 uero
1390 1732 1550 1797 Vitruuu'us
1578 1734 1615 1813 II,

457 1847 473 1906 1
499 1848 615 1919 narrat,
638 1838 768 1905 Athenis
791 1839 943 1923 Areopagi
965 1841 1159 1925 antiquitatis
1181 1842 1336 1926 exemplar
1357 1842 1397 1906 ad
1418 1843 1473 1908 hoc
1495 1853 1616 1931 tempus

456 1955 523 2018 luto
546 1959 672 2034 tectum,
695 1952 728 2015 id
749 1957 829 2015 reete
851 1950 950 2014 Leuke
974 1951 1100 2037 Topogr.
1117 1953 1198 2016 Ath.
1220 1975 1250 2038 p.
1265 1954 1326 2017 256
1350 1953 1387 2017 de
1409 1956 1494 2019 curia
1514 1958 1616 2042 potius
1665 2015 1667 2018 ,

455 2088 550 2151 quam
575 2065 612 2129 de
634 2065 697 2129 foro
719 2062 858 2128 iudiciali
880 2062 997 2127 dictum
1019 2084 1084 2129 esso
1105 2065 1274 2128 confirmat.
1318 2067 1496 2150 Areopagus
1521 2069 1618 2153 igitur

455 2198 555 2263 quum
588 2181 755 2260 utrumque
788 2174 960 2258 antiquitus
995 2182 1089 2257 esset,
1125 2182 1155 2240 et
1183 2176 1269 2240 ouria
1298 2178 1392 2266 βουλὴ
1423 2186 1454 2241 et
1479 2179 1617 2246 tribunal

456 2291 666 2375 δικαστήριον,
701 2286 787 2372 prius
814 2306 912 2370 usque
940 2285 978 2348 ad
1007 2286 1133 2351 Periclis
1162 2293 1293 2351 aetatem
1325 2289 1514 2372 praestabat,
1544 2292 1616 2356 inde

456 2402 592 2466 alterum
613 2399 767 2465 suecessit.
812 2397 912 2473 Quare
934 2397 1080 2462 Isocrates
1101 2420 1199 2481 quum
1219 2400 1326 2464 laudes
1347 2401 1499 2486 Areopagi
1522 2404 1616 2488 effert,

455 2514 574 2598 ubique
597 2511 634 2575 de
656 2511 742 2575 ouria
763 2510 914 2595 loquitur,
937 2517 973 2575 ut
994 2511 1022 2595 Q.
1047 2511 1104 2575 37:
1129 2512 1209 2576 οὕτω
1231 2513 1288 2598 γὰρ
1310 2497 1400 2597 ἡμῶν
1425 2516 1452 2577 οἱ
1474 2514 1617 2601 πρόγονοι
1672 2510 1676 2516 ’

457 2625 577 2713 σρύδρα
606 2624 673 2709 περὶ
700 2624 754 2707 τὴν
785 2621 984 2709 σωφροσύνην
1014 2609 1219 2701 ἐσπούδαζον,
1249 2625 1328 2688 ὥστε
1355 2626 1409 2709 τὴν
1438 2627 1470 2699 ἐξ
1496 2626 1617 2713 Ἀρείου

455 2740 556 2823 ποίγου
574 2736 687 2825 βουλὴν
704 2734 871 2820 ἐπέστησαν
895 2735 1103 2820 ἐπιμελεῖσθαι
1126 2740 1181 2819 τῆς
1202 2735 1367 2822 εὐκοσμίας
1381 2736 1418 2821 ἧς
1435 2738 1493 2824 οὐχ
1509 2738 1572 2804 οἷόν
1588 2738 1619 2803 τι

454 2850 493 2935 ἦν
520 2851 679 2935 μετασχεῖν
702 2848 780 2931 πλὴν
805 2852 869 2917 τοῖς
891 2850 994 2916 καλῶς
1016 2845 1153 2931 γεγονόσι
1176 2848 1226 2926 καὶ
1248 2850 1364 2932 πολλὴν
1388 2850 1496 2935 ἀρετὴν
1520 2852 1550 2916 ἐν
1573 2859 1618 2939 τῷ

457 2963 514 3051 βίῳ
537 2962 588 3024 καὶ
611 2957 810 3045 σωφροσύνην
834 2957 1080 3043 ἐνδεικνυμένοις,
1104 2956 1177 3021 ὥστ’
1203 2957 1326 3029 εἰκύτιυς
1347 2960 1441 3045 αὐτὴν
1459 2964 1616 3047 διενεγκεῖν

455 3079 516 3137 τῶν
541 3074 572 3136 ἐν
595 3076 659 3140 τοῖς
677 3064 805 3154 Ἕλλησι
830 3070 1007 3156 συνεδρίωνε
1023 3068 1092 3133 vid.
1115 3074 1146 3132 et
1168 3068 1188 3131 l.
1209 3068 1230 3131 l.
1253 3068 1281 3152 ξ.
1296 3072 1347 3148 46,
1372 3071 1422 3149 51,
1445 3072 1497 3135 55.
1534 3071 1619 3148 Quae

454 3192 563 3249 tamen
585 3180 681 3246 oratio
697 3180 805 3259 omnis,
829 3179 977 3245 desiderio
992 3180 1156 3246 meliorum
1171 3179 1290 3246 Solonis
1306 3188 1337 3244 et
1352 3202 1432 3266 quae
1447 3191 1618 3267 sequuntur

454 3306 630 3380 temporum
657 3292 763 3377 plena,
797 3312 851 3377 pro
879 3313 935 3355 sua
963 3299 1048 3377 parte
1076 3292 1224 3374 ostendit,
1258 3293 1398 3358 Isocratis
1421 3302 1526 3359 aetate
1552 3315 1619 3359 rem

454 3410 546 3491 longe
580 3404 673 3470 aliam
706 3404 809 3469 fuisse.
844 3442 885 3451 --
919 3404 1062 3468 Ceterum
1095 3424 1173 3487 quae
1202 3404 1239 3468 de
1266 3406 1439 3490 Areopago,
1471 3406 1617 3486 Palladio,

454 3518 633 3605 Delphinio‚
656 3517 816 3599 Prytaneo,
839 3500 1032 3580 Phreattensi
1055 3516 1234 3601 praesertim
1265 3516 1515 3583 aSohoemanno
1537 3519 1618 3604 (Att.

454 3634 561 3711 Proo.;
583 3629 698 3717 Antiq.
726 3627 786 3691 iur.
815 3648 844 3712 p.
868 3629 934 3707 (δας
963 3629 1013 3693 Gr.
1041 3628 1188 3708 Alterth.;
1217 3628 1328 3713 Opuso.
1356 3630 1459 3714 acad.)
1488 3631 1619 3715 aliisque

457 3746 619 3829 disputata
641 3748 714 3806 sunt
735 3740 979 3823 diligentissime,
1003 3760 1039 3803 ea
1060 3761 1144 3803 nunc
1165 3747 1300 3825 repetere
1323 3762 1385 3806 non
1407 3748 1560 3827 estopua

544 3854 611 3919 ur.
644 3854 710 3917 lam
738 3873 903 3917 numerum
931 3851 1086 3930 iudicum,
1116 3852 1217 3935 qualis
1240 3852 1346 3931 fuerit,
1369 3854 1521 3934 nouimuS,
1543 3856 1619 3920 item

455 3966 586 4034 nomina
612 3966 832 4042 tribunalium,
867 3985 997 4048 quorum
1031 3964 1127 4028 situm
1159 3970 1280 4049 praetor
1307 3964 1554 4031 Schoemannum
1585 3968 1619 4030 in

456 4081 479 4146 l.
510 4080 531 4143 l.
563 4084 593 4142 et
620 4067 686 4143 Att
714 4077 799 4143 Proc.
826 4076 958 4141 Leakius
986 4075 1115 4161 Topogr.
1144 4075 1257 4139 Athen.
1285 4097 1316 4160 p.
1347 4078 1417 4141 123.
1448 4080 1518 4143 170.
1549 4080 1619 4143 196.

460 4193 537 4259 198.
560 4191 633 4254 259.
657 4190 720 4255 260
742 4188 883 4275 pluribus
905 4186 1075 4272 descripSIt
1120 4186 1182 4252 Nos
1205 4188 1344 4271 quidem,
1373 4210 1470 4273 quum
1498 4190 1535 4253 de
1563 4190 1620 4254 hac

456 4326 491 4368 re
521 4301 601 4367 nihil
630 4301 702 4367 nori
729 4322 785 4366 nos
814 4300 1083 4378 seirelateamur,
1106 4301 1237 4364 libenter
1259 4300 1506 4365 Schoemannum
1529 4300 1620 4365 alios·

456 4436 520 4503 qne
547 4413 705 4501 sequimur
733 4411 834 4477 duces.
879 4412 985 4495 Itaque
1012 4430 1175 4496 pergamus
1202 4413 1241 4477 ad
1262 4433 1374 4477 novam
1400 4412 1619 4495 quaestionem,

456 4547 540 4615 quae
569 4532 616 4591 est
641 4525 679 4590 de
706 4548 834 4589 numero
862 4526 994 4598 dierum
1028 4524 1141 4609 quibus
1168 4525 1283 4589 Iudicia
1315 4525 1426 4589 haberi
1454 4524 1620 4609 potuerint.

456 4641 530 4707 Huc
553 4659 591 4704 ex
613 4637 818 4724 Aristophane
840 4636 996 4724 pertinent
1018 4637 1080 4700 fere
1102 4636 1186 4700 haec.
1229 4636 1320 4722 Vesp.
1344 4636 1423 4701 303:
1455 4735 1468 4766 ι

1432 4739 1449 4796 8
