<?xml version="1.0" encoding="UTF-8"?>
<!DOCTYPE html PUBLIC "-//W3C//DTD XHTML 1.0 Transitional//EN"
    "http://www.w3.org/TR/xhtml1/DTD/xhtml1-transitional.dtd">
<html xmlns="http://www.w3.org/1999/xhtml" xml:lang="en" lang="en">
 <head>
  <title>
</title>
<meta http-equiv="Content-Type" content="text/html;charset=utf-8" />
  <meta name='ocr-system' content='tesseract 3.04.00' />
  <meta name='ocr-capabilities' content='ocr_page ocr_carea ocr_par ocr_line ocrx_word'/>
</head>
<body>
  <div class='ocr_page' id='page_1' title='image "./vespaecumproleg00richgoog_0097.png"; bbox 0 0 4484 5467; ppageno 0'>
   <div class='ocr_carea' id='block_1_1' title="bbox 852 621 1619 733">
    <p class='ocr_par' dir='ltr' id='par_1_1' title="bbox 852 621 1619 733">
     <span class='ocr_line' id='line_1_1' title="bbox 852 621 1619 733; baseline 0.025 -18"><span class='ocrx_word' id='word_1_1' title='bbox 852 621 1230 720; x_wconf 82' lang='lat' dir='ltr'>necnoeovnsemvu</span> <span class='ocrx_word' id='word_1_2' title='bbox 1578 666 1619 733; x_wconf 86' lang='lat'>83</span> 
     </span>
    </p>
   </div>
   <div class='ocr_carea' id='block_1_2' title="bbox 454 826 1667 2151">
    <p class='ocr_par' dir='ltr' id='par_1_2' title="bbox 454 826 1667 2151">
     <span class='ocr_line' id='line_1_2' title="bbox 454 826 1622 921; baseline 0.011 -28"><span class='ocrx_word' id='word_1_3' title='bbox 454 826 646 895; x_wconf 87' lang='lat' dir='ltr'>Dindorfius</span> <span class='ocrx_word' id='word_1_4' title='bbox 668 848 790 895; x_wconf 87' lang='lat' dir='ltr'>carmen</span> <span class='ocrx_word' id='word_1_5' title='bbox 811 832 948 918; x_wconf 85' lang='lat' dir='ltr'>proxime</span> <span class='ocrx_word' id='word_1_6' title='bbox 970 833 1150 901; x_wconf 77' lang='lat' dir='ltr'>antecedens</span> <span class='ocrx_word' id='word_1_7' title='bbox 1171 833 1366 921; x_wconf 86' lang='lat' dir='ltr'>comparauit,</span> <span class='ocrx_word' id='word_1_8' title='bbox 1388 835 1469 921; x_wconf 91' lang='lat' dir='ltr'>quod</span> <span class='ocrx_word' id='word_1_9' title='bbox 1490 839 1622 906; x_wconf 89' lang='lat' dir='ltr'>eundem</span> 
     </span>
     <span class='ocr_line' id='line_1_3' title="bbox 458 941 1623 1036; baseline 0.009 -31"><span class='ocrx_word' id='word_1_10' title='bbox 458 942 596 1007; x_wconf 83' lang='lat' dir='ltr'>haberet</span> <span class='ocrx_word' id='word_1_11' title='bbox 624 942 727 1007; x_wconf 89' lang='lat' dir='ltr'>finem.</span> <span class='ocrx_word' id='word_1_12' title='bbox 775 941 948 1029; x_wconf 83' lang='lat' dir='ltr'>Eodemque</span> <span class='ocrx_word' id='word_1_13' title='bbox 974 967 1102 1012; x_wconf 90' lang='lat' dir='ltr'>numero</span> <span class='ocrx_word' id='word_1_14' title='bbox 1129 947 1286 1031; x_wconf 90' lang='lat' dir='ltr'>modisque</span> <span class='ocrx_word' id='word_1_15' title='bbox 1317 945 1426 1011; x_wconf 89' lang='lat' dir='ltr'>iisdem</span> <span class='ocrx_word' id='word_1_16' title='bbox 1458 954 1623 1036; x_wconf 90' lang='lat' dir='ltr'>utrumque</span> 
     </span>
     <span class='ocr_line' id='line_1_4' title="bbox 463 1057 1621 1143; baseline 0.008 -26"><span class='ocrx_word' id='word_1_17' title='bbox 463 1072 595 1117; x_wconf 85' lang='lat' dir='ltr'>carmen</span> <span class='ocrx_word' id='word_1_18' title='bbox 624 1072 718 1117; x_wconf 92' lang='lat' dir='ltr'>usum</span> <span class='ocrx_word' id='word_1_19' title='bbox 745 1057 807 1134; x_wconf 84' lang='lat' dir='ltr'>est3</span> <span class='ocrx_word' id='word_1_20' title='bbox 835 1060 992 1120; x_wconf 88' lang='lat' dir='ltr'>cantatum</span> <span class='ocrx_word' id='word_1_21' title='bbox 1018 1078 1090 1122; x_wconf 85' lang='lat' dir='ltr'>vero</span> <span class='ocrx_word' id='word_1_22' title='bbox 1118 1058 1212 1123; x_wconf 90' lang='lat' dir='ltr'>etiam</span> <span class='ocrx_word' id='word_1_23' title='bbox 1238 1058 1402 1143; x_wconf 90' lang='lat' dir='ltr'>posterius,</span> <span class='ocrx_word' id='word_1_24' title='bbox 1435 1059 1516 1143; x_wconf 93' lang='lat' dir='ltr'>quod</span> <span class='ocrx_word' id='word_1_25' title='bbox 1547 1082 1621 1126; x_wconf 91' lang='lat' dir='ltr'>ana·</span> 
     </span>
     <span class='ocr_line' id='line_1_5' title="bbox 464 1164 1623 1255; baseline 0.009 -26"><span class='ocrx_word' id='word_1_26' title='bbox 464 1166 569 1252; x_wconf 90' lang='lat' dir='ltr'>paesti</span> <span class='ocrx_word' id='word_1_27' title='bbox 595 1164 781 1252; x_wconf 87' lang='lat' dir='ltr'>praecedunt</span> <span class='ocrx_word' id='word_1_28' title='bbox 808 1187 826 1230; x_wconf 90' lang='lat' dir='ltr'>a</span> <span class='ocrx_word' id='word_1_29' title='bbox 853 1168 980 1253; x_wconf 80' lang='lat' dir='ltr'>chorago</span> <span class='ocrx_word' id='word_1_30' title='bbox 1007 1169 1142 1249; x_wconf 82' lang='lat' dir='ltr'>recitati,</span> <span class='ocrx_word' id='word_1_31' title='bbox 1176 1169 1285 1234; x_wconf 91' lang='lat' dir='ltr'>deinde</span> <span class='ocrx_word' id='word_1_32' title='bbox 1312 1169 1393 1254; x_wconf 92' lang='lat' dir='ltr'>quod</span> <span class='ocrx_word' id='word_1_33' title='bbox 1418 1191 1522 1255; x_wconf 88' lang='lat' dir='ltr'>preces</span> <span class='ocrx_word' id='word_1_34' title='bbox 1549 1179 1623 1239; x_wconf 89' lang='lat' dir='ltr'>sunt</span> 
     </span>
     <span class='ocr_line' id='line_1_6' title="bbox 466 1276 1667 1369; baseline 0.006 -27"><span class='ocrx_word' id='word_1_35' title='bbox 466 1278 648 1360; x_wconf 81' lang='lat' dir='ltr'>sollemnes,</span> <span class='ocrx_word' id='word_1_36' title='bbox 677 1276 809 1362; x_wconf 86' lang='lat' dir='ltr'>denique</span> <span class='ocrx_word' id='word_1_37' title='bbox 836 1278 919 1363; x_wconf 93' lang='lat' dir='ltr'>quod</span> <span class='ocrx_word' id='word_1_38' title='bbox 945 1279 979 1343; x_wconf 91' lang='lat' dir='ltr'>iu</span> <span class='ocrx_word' id='word_1_39' title='bbox 1005 1280 1067 1344; x_wconf 93' lang='lat' dir='ltr'>fine</span> <span class='ocrx_word' id='word_1_40' title='bbox 1088 1280 1218 1363; x_wconf 89' lang='lat' dir='ltr'>legimus</span> <span class='ocrx_word' id='word_1_41' title='bbox 1244 1281 1317 1367; x_wconf 86' lang='grc' dir='ltr'><strong>Ἰήιε</strong></span> <span class='ocrx_word' id='word_1_42' title='bbox 1338 1281 1445 1361; x_wconf 82' lang='grc' dir='ltr'><strong>Παιάν,</strong></span> <span class='ocrx_word' id='word_1_43' title='bbox 1466 1289 1534 1369; x_wconf 90' lang='lat' dir='ltr'>post</span> <span class='ocrx_word' id='word_1_44' title='bbox 1554 1306 1622 1349; x_wconf 90' lang='lat' dir='ltr'>ver·</span> <span class='ocrx_word' id='word_1_45' title='bbox 1662 1294 1667 1301; x_wconf 86' lang='grc'><strong>’</strong></span> 
     </span>
     <span class='ocr_line' id='line_1_7' title="bbox 467 1371 1624 1484; baseline 0.004 -28"><span class='ocrx_word' id='word_1_46' title='bbox 467 1411 540 1456; x_wconf 88' lang='lat' dir='ltr'>sum</span> <span class='ocrx_word' id='word_1_47' title='bbox 564 1391 628 1456; x_wconf 82' lang='lat'>890</span> <span class='ocrx_word' id='word_1_48' title='bbox 657 1371 782 1484; x_wconf 73' lang='lat' dir='ltr'>iohtaese</span> <span class='ocrx_word' id='word_1_49' title='bbox 803 1391 993 1471; x_wconf 90' lang='lat' dir='ltr'>iterandum,</span> <span class='ocrx_word' id='word_1_50' title='bbox 1021 1411 1208 1478; x_wconf 91' lang='lat' dir='ltr'>quamquam</span> <span class='ocrx_word' id='word_1_51' title='bbox 1235 1411 1298 1458; x_wconf 94' lang='lat' dir='ltr'>non</span> <span class='ocrx_word' id='word_1_52' title='bbox 1325 1393 1458 1479; x_wconf 78' lang='lat' dir='ltr'>amphus</span> <span class='ocrx_word' id='word_1_53' title='bbox 1483 1403 1624 1481; x_wconf 87' lang='lat' dir='ltr'>precatur</span> 
     </span>
     <span class='ocr_line' id='line_1_8' title="bbox 468 1500 1555 1591; baseline 0.005 -24"><span class='ocrx_word' id='word_1_54' title='bbox 468 1502 589 1567; x_wconf 88' lang='lat' dir='ltr'>chorus.</span> <span class='ocrx_word' id='word_1_55' title='bbox 633 1500 766 1566; x_wconf 79' lang='lat' dir='ltr'>Maxime</span> <span class='ocrx_word' id='word_1_56' title='bbox 788 1515 864 1567; x_wconf 85' lang='lat' dir='ltr'>uero¹</span> <span class='ocrx_word' id='word_1_57' title='bbox 878 1502 959 1568; x_wconf 87' lang='lat' dir='ltr'>illud</span> <span class='ocrx_word' id='word_1_58' title='bbox 978 1501 1051 1591; x_wconf 80' lang='grc' dir='ltr'>Ἰήιε</span> <span class='ocrx_word' id='word_1_59' title='bbox 1071 1503 1168 1583; x_wconf 62' lang='grc' dir='ltr'>Παιάν</span> <span class='ocrx_word' id='word_1_60' title='bbox 1191 1510 1283 1569; x_wconf 91' lang='lat' dir='ltr'>cantu</span> <span class='ocrx_word' id='word_1_61' title='bbox 1303 1504 1430 1590; x_wconf 85' lang='lat' dir='ltr'>indiget</span> <span class='ocrx_word' id='word_1_62' title='bbox 1552 1500 1555 1507; x_wconf 74' lang='grc'><strong>’</strong></span> 
     </span>
     <span class='ocr_line' id='line_1_9' title="bbox 554 1603 1622 1707; baseline 0.007 -29"><span class='ocrx_word' id='word_1_63' title='bbox 554 1613 710 1679; x_wconf 83' lang='lat' dir='ltr'>Vltimum</span> <span class='ocrx_word' id='word_1_64' title='bbox 743 1613 826 1707; x_wconf 89' lang='lat' dir='ltr'>chori</span> <span class='ocrx_word' id='word_1_65' title='bbox 858 1635 980 1681; x_wconf 91' lang='lat' dir='ltr'>carmen</span> <span class='ocrx_word' id='word_1_66' title='bbox 1012 1637 1041 1680; x_wconf 82' lang='lat' dir='ltr'>v.</span> <span class='ocrx_word' id='word_1_67' title='bbox 1075 1603 1294 1682; x_wconf 75' lang='lat' dir='ltr'>lora-1522</span> <span class='ocrx_word' id='word_1_68' title='bbox 1327 1622 1358 1682; x_wconf 89' lang='lat' dir='ltr'>et</span> <span class='ocrx_word' id='word_1_69' title='bbox 1392 1620 1622 1705; x_wconf 75' lang='lat' dir='ltr'>roae-1527,</span> 
     </span>
     <span class='ocr_line' id='line_1_10' title="bbox 469 1724 1624 1813; baseline 0.005 -22"><span class='ocrx_word' id='word_1_70' title='bbox 469 1726 545 1791; x_wconf 91' lang='lat' dir='ltr'>dum</span> <span class='ocrx_word' id='word_1_71' title='bbox 574 1724 747 1791; x_wconf 82' lang='lat' dir='ltr'>(larcinitae</span> <span class='ocrx_word' id='word_1_72' title='bbox 776 1724 906 1806; x_wconf 84' lang='lat' dir='ltr'>saltant,</span> <span class='ocrx_word' id='word_1_73' title='bbox 939 1728 1075 1810; x_wconf 88' lang='lat' dir='ltr'>canitur,</span> <span class='ocrx_word' id='word_1_74' title='bbox 1109 1747 1312 1813; x_wconf 87' lang='lat' dir='ltr'>numerosque</span> <span class='ocrx_word' id='word_1_75' title='bbox 1343 1729 1514 1797; x_wconf 75' lang='lat' dir='ltr'>saltationis</span> <span class='ocrx_word' id='word_1_76' title='bbox 1540 1732 1624 1797; x_wconf 92' lang='lat' dir='ltr'>haud</span> 
     </span>
     <span class='ocr_line' id='line_1_11' title="bbox 470 1835 1623 1927; baseline 0.006 -25"><span class='ocrx_word' id='word_1_77' title='bbox 470 1837 564 1903; x_wconf 91' lang='lat' dir='ltr'>dubie</span> <span class='ocrx_word' id='word_1_78' title='bbox 578 1836 729 1901; x_wconf 86' lang='lat' dir='ltr'>imitatur.</span> <span class='ocrx_word' id='word_1_79' title='bbox 760 1835 810 1901; x_wconf 90' lang='lat' dir='ltr'>De</span> <span class='ocrx_word' id='word_1_80' title='bbox 828 1836 1047 1904; x_wconf 87' lang='lat' dir='ltr'>distribuendis</span> <span class='ocrx_word' id='word_1_81' title='bbox 1069 1839 1135 1904; x_wconf 88' lang='lat' dir='ltr'>eius</span> <span class='ocrx_word' id='word_1_82' title='bbox 1148 1839 1287 1904; x_wconf 88' lang='lat' dir='ltr'>versibus</span> <span class='ocrx_word' id='word_1_83' title='bbox 1301 1840 1495 1927; x_wconf 87' lang='lat' dir='ltr'>disceptatur.</span> <span class='ocrx_word' id='word_1_84' title='bbox 1527 1843 1623 1909; x_wconf 90' lang='lat' dir='ltr'>Probo</span> 
     </span>
     <span class='ocr_line' id='line_1_12' title="bbox 472 1947 1624 2041; baseline 0.004 -26"><span class='ocrx_word' id='word_1_85' title='bbox 472 1950 618 2035; x_wconf 91' lang='lat' dir='ltr'>equidem</span> <span class='ocrx_word' id='word_1_86' title='bbox 644 1949 795 2015; x_wconf 86' lang='lat' dir='ltr'>Dindorfii</span> <span class='ocrx_word' id='word_1_87' title='bbox 821 1949 985 2030; x_wconf 88' lang='lat' dir='ltr'>rationem,</span> <span class='ocrx_word' id='word_1_88' title='bbox 1019 1971 1113 2035; x_wconf 92' lang='lat' dir='ltr'>quam</span> <span class='ocrx_word' id='word_1_89' title='bbox 1139 1952 1173 2015; x_wconf 93' lang='lat' dir='ltr'>in</span> <span class='ocrx_word' id='word_1_90' title='bbox 1206 1951 1283 2016; x_wconf 90' lang='lat' dir='ltr'>libro</span> <span class='ocrx_word' id='word_1_91' title='bbox 1310 1952 1347 2017; x_wconf 85' lang='lat' dir='ltr'>de</span> <span class='ocrx_word' id='word_1_92' title='bbox 1374 1947 1480 2019; x_wconf 84' lang='lat' dir='ltr'>metris</span> <span class='ocrx_word' id='word_1_93' title='bbox 1504 1978 1533 2041; x_wconf 90' lang='lat' dir='ltr'>p.</span> <span class='ocrx_word' id='word_1_94' title='bbox 1562 1956 1624 2020; x_wconf 89' lang='grc'>348</span> 
     </span>
     <span class='ocr_line' id='line_1_13' title="bbox 474 2046 1525 2151; baseline 0.002 -22"><span class='ocrx_word' id='word_1_95' title='bbox 474 2063 622 2129; x_wconf 84' lang='lat' dir='ltr'>exhibuit.</span> <span class='ocrx_word' id='word_1_96' title='bbox 666 2061 780 2127; x_wconf 89' lang='lat' dir='ltr'>Versus</span> <span class='ocrx_word' id='word_1_97' title='bbox 809 2067 883 2127; x_wconf 89' lang='lat' dir='ltr'>sunt</span> <span class='ocrx_word' id='word_1_98' title='bbox 904 2046 1220 2147; x_wconf 84' lang='lat' dir='ltr'>dactylico-trochaici,</span> <span class='ocrx_word' id='word_1_99' title='bbox 1242 2084 1373 2148; x_wconf 90' lang='lat' dir='ltr'>quorum</span> <span class='ocrx_word' id='word_1_100' title='bbox 1393 2066 1525 2151; x_wconf 91' lang='lat' dir='ltr'>primus:</span> 
     </span>
    </p>
   </div>
   <div class='ocr_carea' id='block_1_3' title="bbox 474 2173 1491 2375">
    <p class='ocr_par' dir='ltr' id='par_1_3' title="bbox 474 2173 1491 2375">
     <span class='ocr_line' id='line_1_14' title="bbox 680 2173 1421 2261; baseline 0 -20"><span class='ocrx_word' id='word_1_101' title='bbox 680 2174 743 2260; x_wconf 74' lang='grc' dir='ltr'>ἄγ’,</span> <span class='ocrx_word' id='word_1_102' title='bbox 772 2173 796 2238; x_wconf 82' lang='grc' dir='ltr'><strong>ὦ</strong></span> <span class='ocrx_word' id='word_1_103' title='bbox 822 2176 1023 2261; x_wconf 72' lang='grc' dir='ltr'>μεγαλώνυμα</span> <span class='ocrx_word' id='word_1_104' title='bbox 1044 2175 1132 2241; x_wconf 81' lang='grc' dir='ltr'><strong>τέκνα</strong></span> <span class='ocrx_word' id='word_1_105' title='bbox 1153 2179 1208 2239; x_wconf 82' lang='grc' dir='ltr'>τοῦ</span> <span class='ocrx_word' id='word_1_106' title='bbox 1230 2175 1421 2257; x_wconf 79' lang='lat' dir='ltr'>hchucct&#39;orc,</span> 
     </span>
     <span class='ocr_line' id='line_1_15' title="bbox 474 2285 1491 2375; baseline -0.002 -20"><span class='ocrx_word' id='word_1_107' title='bbox 474 2293 541 2375; x_wconf 76' lang='lat' dir='ltr'>pust</span> <span class='ocrx_word' id='word_1_108' title='bbox 564 2289 658 2355; x_wconf 84' lang='lat' dir='ltr'>breve</span> <span class='ocrx_word' id='word_1_109' title='bbox 680 2285 934 2372; x_wconf 81' lang='lat' dir='ltr'>antistrophieum</span> <span class='ocrx_word' id='word_1_110' title='bbox 955 2305 1077 2350; x_wconf 85' lang='lat' dir='ltr'>carmen</span> <span class='ocrx_word' id='word_1_111' title='bbox 1098 2287 1173 2351; x_wconf 80' lang='grc' dir='ltr'>κατὰ</span> <span class='ocrx_word' id='word_1_112' title='bbox 1195 2288 1296 2374; x_wconf 74' lang='grc' dir='ltr'>στίχον</span> <span class='ocrx_word' id='word_1_113' title='bbox 1317 2286 1491 2353; x_wconf 82' lang='lat' dir='ltr'>adhibetur:</span> 
     </span>
    </p>
   </div>
   <div class='ocr_carea' id='block_1_4' title="bbox 469 2430 1724 4625">
    <p class='ocr_par' dir='ltr' id='par_1_4' title="bbox 745 2430 1349 2484">
     <span class='ocr_line' id='line_1_16' title="bbox 745 2430 1349 2484; baseline 0.002 -1"><span class='ocrx_word' id='word_1_114' title='bbox 745 2430 1108 2483; x_wconf 55' lang='lat' dir='ltr'>:r-&#39;vv-ww</span> <span class='ocrx_word' id='word_1_115' title='bbox 1142 2430 1168 2466; x_wconf 85' lang='lat'>·&#39;-</span> <span class='ocrx_word' id='word_1_116' title='bbox 1216 2454 1242 2462; x_wconf 90' lang='lat'><em>-</em></span> <span class='ocrx_word' id='word_1_117' title='bbox 1287 2447 1349 2484; x_wconf 71' lang='grc' dir='ltr'>-ῦ</span> 
     </span>
    </p>

    <p class='ocr_par' dir='ltr' id='par_1_5' title="bbox 469 2511 1724 3367">
     <span class='ocr_line' id='line_1_17' title="bbox 474 2511 1626 2599; baseline -0.004 -17"><span class='ocrx_word' id='word_1_118' title='bbox 474 2516 592 2582; x_wconf 79' lang='lat' dir='ltr'>Chorus</span> <span class='ocrx_word' id='word_1_119' title='bbox 615 2518 728 2593; x_wconf 90' lang='lat' dir='ltr'>autem,</span> <span class='ocrx_word' id='word_1_120' title='bbox 751 2511 826 2577; x_wconf 90' lang='lat' dir='ltr'>dum</span> <span class='ocrx_word' id='word_1_121' title='bbox 847 2513 930 2577; x_wconf 82' lang='lat' dir='ltr'>canit</span> <span class='ocrx_word' id='word_1_122' title='bbox 943 2527 1050 2577; x_wconf 86' lang='lat' dir='ltr'>versus</span> <span class='ocrx_word' id='word_1_123' title='bbox 1063 2533 1096 2576; x_wconf 91' lang='lat' dir='ltr'>re</span> <span class='ocrx_word' id='word_1_124' title='bbox 1109 2533 1183 2579; x_wconf 86' lang='lat' dir='ltr'>vera</span> <span class='ocrx_word' id='word_1_125' title='bbox 1196 2512 1484 2599; x_wconf 86' lang='lat' dir='ltr'>hyporchematicos,</span> <span class='ocrx_word' id='word_1_126' title='bbox 1505 2512 1626 2577; x_wconf 85' lang='lat' dir='ltr'>easdem</span> 
     </span>
     <span class='ocr_line' id='line_1_18' title="bbox 472 2615 1626 2711; baseline -0.004 -17"><span class='ocrx_word' id='word_1_127' title='bbox 472 2628 648 2695; x_wconf 77' lang='lat' dir='ltr'>saltationis</span> <span class='ocrx_word' id='word_1_128' title='bbox 663 2625 886 2691; x_wconf 83' lang='lat' dir='ltr'>Carcinitarum</span> <span class='ocrx_word' id='word_1_129' title='bbox 907 2625 1020 2708; x_wconf 87' lang='lat' dir='ltr'>figuras</span> <span class='ocrx_word' id='word_1_130' title='bbox 1042 2615 1213 2711; x_wconf 78' lang='lat' dir='ltr'>formasque</span> <span class='ocrx_word' id='word_1_131' title='bbox 1235 2626 1384 2708; x_wconf 89' lang='lat' dir='ltr'>imitatur,</span> <span class='ocrx_word' id='word_1_132' title='bbox 1408 2615 1439 2690; x_wconf 87' lang='lat' dir='ltr'>et</span> <span class='ocrx_word' id='word_1_133' title='bbox 1459 2625 1574 2689; x_wconf 88' lang='lat' dir='ltr'>saltans</span> <span class='ocrx_word' id='word_1_134' title='bbox 1588 2647 1626 2689; x_wconf 85' lang='lat' dir='ltr'>ex</span> 
     </span>
     <span class='ocr_line' id='line_1_19' title="bbox 470 2735 1624 2822; baseline -0.005 -16"><span class='ocrx_word' id='word_1_135' title='bbox 470 2740 628 2807; x_wconf 85' lang='lat' dir='ltr'>orchestra</span> <span class='ocrx_word' id='word_1_136' title='bbox 649 2736 821 2802; x_wconf 85' lang='lat' dir='ltr'>discessisse</span> <span class='ocrx_word' id='word_1_137' title='bbox 841 2736 997 2822; x_wconf 89' lang='lat' dir='ltr'>putandus</span> <span class='ocrx_word' id='word_1_138' title='bbox 1024 2740 1079 2801; x_wconf 87' lang='lat' dir='ltr'>est.</span> <span class='ocrx_word' id='word_1_139' title='bbox 1111 2735 1216 2802; x_wconf 86' lang='lat' dir='ltr'>Medos</span> <span class='ocrx_word' id='word_1_140' title='bbox 1247 2736 1390 2802; x_wconf 85' lang='lat' dir='ltr'>facillime</span> <span class='ocrx_word' id='word_1_141' title='bbox 1422 2737 1480 2801; x_wconf 90' lang='lat' dir='ltr'>tibi</span> <span class='ocrx_word' id='word_1_142' title='bbox 1511 2736 1624 2819; x_wconf 86' lang='lat' dir='ltr'>fingas:</span> 
     </span>
     <span class='ocr_line' id='line_1_20' title="bbox 469 2848 1626 2940; baseline -0.004 -22"><span class='ocrx_word' id='word_1_143' title='bbox 469 2854 572 2940; x_wconf 87' lang='lat' dir='ltr'>primo</span> <span class='ocrx_word' id='word_1_144' title='bbox 606 2850 769 2915; x_wconf 87' lang='lat' dir='ltr'>accelerato</span> <span class='ocrx_word' id='word_1_145' title='bbox 805 2869 909 2934; x_wconf 89' lang='lat' dir='ltr'>gressu</span> <span class='ocrx_word' id='word_1_146' title='bbox 946 2848 1182 2935; x_wconf 87' lang='lat' dir='ltr'>progrediuntur</span> <span class='ocrx_word' id='word_1_147' title='bbox 1214 2849 1399 2930; x_wconf 83' lang='lat' dir='ltr'>Carcinitae,</span> <span class='ocrx_word' id='word_1_148' title='bbox 1434 2849 1626 2935; x_wconf 90' lang='lat' dir='ltr'>progreditur</span> 
     </span>
     <span class='ocr_line' id='line_1_21' title="bbox 470 2960 1627 3049; baseline -0.003 -20"><span class='ocrx_word' id='word_1_149' title='bbox 470 2966 598 3045; x_wconf 82' lang='lat' dir='ltr'>chorus3</span> <span class='ocrx_word' id='word_1_150' title='bbox 624 2968 694 3027; x_wconf 92' lang='lat' dir='ltr'>tum</span> <span class='ocrx_word' id='word_1_151' title='bbox 714 2961 818 3049; x_wconf 89' lang='lat' dir='ltr'>paullo</span> <span class='ocrx_word' id='word_1_152' title='bbox 837 2961 979 3043; x_wconf 85' lang='lat' dir='ltr'>tardiore,</span> <span class='ocrx_word' id='word_1_153' title='bbox 1001 2960 1034 3026; x_wconf 88' lang='lat' dir='ltr'>id</span> <span class='ocrx_word' id='word_1_154' title='bbox 1055 2961 1136 3046; x_wconf 88' lang='lat' dir='ltr'>quod</span> <span class='ocrx_word' id='word_1_155' title='bbox 1157 2960 1289 3031; x_wconf 90' lang='lat' dir='ltr'>trochaei</span> <span class='ocrx_word' id='word_1_156' title='bbox 1312 2962 1459 3043; x_wconf 85' lang='lat' dir='ltr'>indicant,</span> <span class='ocrx_word' id='word_1_157' title='bbox 1481 2961 1627 3026; x_wconf 89' lang='lat' dir='ltr'>recedunt</span> 
     </span>
     <span class='ocr_line' id='line_1_22' title="bbox 470 3058 1627 3163; baseline -0.004 -21"><span class='ocrx_word' id='word_1_158' title='bbox 470 3079 506 3142; x_wconf 93' lang='lat' dir='ltr'>in</span> <span class='ocrx_word' id='word_1_159' title='bbox 525 3076 692 3163; x_wconf 88' lang='lat' dir='ltr'>pristinam</span> <span class='ocrx_word' id='word_1_160' title='bbox 712 3074 882 3139; x_wconf 87' lang='lat' dir='ltr'>stationem.</span> <span class='ocrx_word' id='word_1_161' title='bbox 920 3072 1005 3151; x_wconf 88' lang='lat' dir='ltr'>Quod</span> <span class='ocrx_word' id='word_1_162' title='bbox 1027 3058 1124 3157; x_wconf 90' lang='lat' dir='ltr'>quum</span> <span class='ocrx_word' id='word_1_163' title='bbox 1146 3074 1239 3137; x_wconf 90' lang='lat' dir='ltr'>semel</span> <span class='ocrx_word' id='word_1_164' title='bbox 1259 3074 1309 3138; x_wconf 90' lang='lat' dir='ltr'>vel</span> <span class='ocrx_word' id='word_1_165' title='bbox 1331 3074 1378 3138; x_wconf 91' lang='lat' dir='ltr'>his</span> <span class='ocrx_word' id='word_1_166' title='bbox 1399 3074 1544 3152; x_wconf 85' lang='lat' dir='ltr'>fecerunt,</span> <span class='ocrx_word' id='word_1_167' title='bbox 1566 3073 1627 3138; x_wconf 91' lang='lat' dir='ltr'>sal·</span> 
     </span>
     <span class='ocr_line' id='line_1_23' title="bbox 470 3181 1628 3271; baseline -0.004 -18"><span class='ocrx_word' id='word_1_168' title='bbox 470 3187 562 3254; x_wconf 88' lang='lat' dir='ltr'>tandi</span> <span class='ocrx_word' id='word_1_169' title='bbox 588 3188 707 3253; x_wconf 88' lang='lat' dir='ltr'>faciunt</span> <span class='ocrx_word' id='word_1_170' title='bbox 732 3187 840 3266; x_wconf 86' lang='lat' dir='ltr'>finem,</span> <span class='ocrx_word' id='word_1_171' title='bbox 874 3181 1015 3271; x_wconf 83' lang='lat' dir='ltr'>interque</span> <span class='ocrx_word' id='word_1_172' title='bbox 1042 3183 1214 3250; x_wconf 89' lang='lat' dir='ltr'>canendum</span> <span class='ocrx_word' id='word_1_173' title='bbox 1241 3185 1477 3270; x_wconf 87' lang='lat' dir='ltr'>progrediuntur</span> <span class='ocrx_word' id='word_1_174' title='bbox 1504 3190 1628 3249; x_wconf 90' lang='lat' dir='ltr'>tantum</span> 
     </span>
     <span class='ocr_line' id='line_1_24' title="bbox 471 3289 1724 3367; baseline -0.014 0"><span class='ocrx_word' id='word_1_175' title='bbox 471 3301 661 3367; x_wconf 84' lang='lat' dir='ltr'>orchestram</span> <span class='ocrx_word' id='word_1_176' title='bbox 682 3297 828 3363; x_wconf 88' lang='lat' dir='ltr'>relicturi.</span> <span class='ocrx_word' id='word_1_177' title='bbox 1720 3289 1724 3301; x_wconf 88' lang='lat'>&#39;</span> 
     </span>
    </p>

    <p class='ocr_par' dir='ltr' id='par_1_6' title="bbox 470 3389 1632 4625">
     <span class='ocr_line' id='line_1_25' title="bbox 521 3389 1629 3497; baseline -0.004 -20"><span class='ocrx_word' id='word_1_178' title='bbox 521 3389 527 3394; x_wconf 35' lang='grc'><strong>”</strong></span> <span class='ocrx_word' id='word_1_179' title='bbox 560 3411 614 3477; x_wconf 89' lang='lat' dir='ltr'>XI.</span> <span class='ocrx_word' id='word_1_180' title='bbox 651 3410 823 3497; x_wconf 86' lang='lat' dir='ltr'>Supersunt</span> <span class='ocrx_word' id='word_1_181' title='bbox 836 3409 1007 3496; x_wconf 69' lang='lat' dir='ltr'>paramese,</span> <span class='ocrx_word' id='word_1_182' title='bbox 1031 3408 1067 3474; x_wconf 93' lang='lat' dir='ltr'>de</span> <span class='ocrx_word' id='word_1_183' title='bbox 1090 3410 1202 3493; x_wconf 91' lang='lat' dir='ltr'>quihus</span> <span class='ocrx_word' id='word_1_184' title='bbox 1215 3430 1314 3494; x_wconf 90' lang='lat' dir='ltr'>pauca</span> <span class='ocrx_word' id='word_1_185' title='bbox 1327 3407 1484 3473; x_wconf 89' lang='lat' dir='ltr'>addamus.</span> <span class='ocrx_word' id='word_1_186' title='bbox 1519 3408 1629 3473; x_wconf 85' lang='lat' dir='ltr'>Trium</span> 
     </span>
     <span class='ocr_line' id='line_1_26' title="bbox 470 3519 1628 3608; baseline -0.006 -17"><span class='ocrx_word' id='word_1_187' title='bbox 470 3530 598 3591; x_wconf 90' lang='lat' dir='ltr'>tantum</span> <span class='ocrx_word' id='word_1_188' title='bbox 619 3521 843 3589; x_wconf 82' lang='lat' dir='ltr'>comoediarum</span> <span class='ocrx_word' id='word_1_189' title='bbox 865 3522 1065 3607; x_wconf 87' lang='lat' dir='ltr'>superstitum</span> <span class='ocrx_word' id='word_1_190' title='bbox 1083 3521 1248 3608; x_wconf 82' lang='lat' dir='ltr'>¹parabases</span> <span class='ocrx_word' id='word_1_191' title='bbox 1270 3522 1406 3605; x_wconf 83' lang='lat' dir='ltr'>integrae</span> <span class='ocrx_word' id='word_1_192' title='bbox 1428 3526 1510 3602; x_wconf 83' lang='lat' dir='ltr'>sunt,</span> <span class='ocrx_word' id='word_1_193' title='bbox 1533 3519 1628 3606; x_wconf 83' lang='lat' dir='ltr'>Equi·</span> 
     </span>
     <span class='ocr_line' id='line_1_27' title="bbox 470 3632 1627 3722; baseline -0.006 -18"><span class='ocrx_word' id='word_1_194' title='bbox 470 3644 542 3704; x_wconf 92' lang='lat' dir='ltr'>tum</span> <span class='ocrx_word' id='word_1_195' title='bbox 569 3636 687 3702; x_wconf 91' lang='lat' dir='ltr'>scilicet</span> <span class='ocrx_word' id='word_1_196' title='bbox 715 3642 746 3700; x_wconf 86' lang='lat' dir='ltr'>et</span> <span class='ocrx_word' id='word_1_197' title='bbox 771 3635 942 3721; x_wconf 87' lang='lat' dir='ltr'>Vesparum</span> <span class='ocrx_word' id='word_1_198' title='bbox 969 3641 1000 3698; x_wconf 90' lang='lat' dir='ltr'>et</span> <span class='ocrx_word' id='word_1_199' title='bbox 1027 3634 1153 3699; x_wconf 85' lang='lat' dir='ltr'>Avium.</span> <span class='ocrx_word' id='word_1_200' title='bbox 1176 3717 1178 3722; x_wconf 19' lang='grc' dir='ltr'>Ι</span> <span class='ocrx_word' id='word_1_201' title='bbox 1201 3633 1282 3698; x_wconf 91' lang='lat' dir='ltr'>Nam</span> <span class='ocrx_word' id='word_1_202' title='bbox 1309 3654 1406 3717; x_wconf 92' lang='lat' dir='ltr'>quum</span> <span class='ocrx_word' id='word_1_203' title='bbox 1432 3632 1627 3718; x_wconf 89' lang='lat' dir='ltr'>parahasise</span> 
     </span>
     <span class='ocr_line' id='line_1_28' title="bbox 471 3744 1628 3837; baseline -0.007 -21"><span class='ocrx_word' id='word_1_204' title='bbox 471 3755 592 3837; x_wconf 90' lang='lat' dir='ltr'>septem</span> <span class='ocrx_word' id='word_1_205' title='bbox 619 3748 759 3835; x_wconf 86' lang='lat' dir='ltr'>partibus</span> <span class='ocrx_word' id='word_1_206' title='bbox 787 3746 918 3833; x_wconf 66' lang='lat' dir='ltr'>constet,</span> <span class='ocrx_word' id='word_1_207' title='bbox 946 3766 1077 3831; x_wconf 89' lang='lat' dir='ltr'>quarum</span> <span class='ocrx_word' id='word_1_208' title='bbox 1104 3746 1230 3810; x_wconf 91' lang='lat' dir='ltr'>nomina</span> <span class='ocrx_word' id='word_1_209' title='bbox 1252 3768 1271 3810; x_wconf 89' lang='lat' dir='ltr'>a</span> <span class='ocrx_word' id='word_1_210' title='bbox 1292 3745 1498 3829; x_wconf 84' lang='lat' dir='ltr'>grammaticis</span> <span class='ocrx_word' id='word_1_211' title='bbox 1519 3744 1628 3809; x_wconf 89' lang='lat' dir='ltr'>didici·</span> 
     </span>
     <span class='ocr_line' id='line_1_29' title="bbox 471 3851 1628 3951; baseline -0.005 -23"><span class='ocrx_word' id='word_1_212' title='bbox 471 3884 554 3941; x_wconf 87' lang='lat' dir='ltr'>mus,</span> <span class='ocrx_word' id='word_1_213' title='bbox 576 3851 766 3951; x_wconf 87' lang='lat' dir='ltr'>reliquarum</span> <span class='ocrx_word' id='word_1_214' title='bbox 787 3857 961 3924; x_wconf 87' lang='lat' dir='ltr'>fabulamm</span> <span class='ocrx_word' id='word_1_215' title='bbox 982 3858 1144 3944; x_wconf 88' lang='lat' dir='ltr'>parabases</span> <span class='ocrx_word' id='word_1_216' title='bbox 1165 3880 1228 3922; x_wconf 92' lang='lat' dir='ltr'>una</span> <span class='ocrx_word' id='word_1_217' title='bbox 1250 3858 1382 3924; x_wconf 88' lang='lat' dir='ltr'>alterave</span> <span class='ocrx_word' id='word_1_218' title='bbox 1409 3861 1463 3922; x_wconf 90' lang='lat' dir='ltr'>aut</span> <span class='ocrx_word' id='word_1_219' title='bbox 1488 3857 1628 3942; x_wconf 86' lang='lat' dir='ltr'>pluribus</span> 
     </span>
     <span class='ocr_line' id='line_1_30' title="bbox 472 3968 1629 4057; baseline -0.008 -16"><span class='ocrx_word' id='word_1_220' title='bbox 472 3980 588 4041; x_wconf 88' lang='lat' dir='ltr'>carent.</span> <span class='ocrx_word' id='word_1_221' title='bbox 632 3971 815 4037; x_wconf 87' lang='lat' dir='ltr'>Parabaseos</span> <span class='ocrx_word' id='word_1_222' title='bbox 837 3971 933 4056; x_wconf 87' lang='lat' dir='ltr'>igitur</span> <span class='ocrx_word' id='word_1_223' title='bbox 959 3968 1114 4053; x_wconf 91' lang='lat' dir='ltr'>legitimae</span> <span class='ocrx_word' id='word_1_224' title='bbox 1142 3991 1238 4056; x_wconf 92' lang='lat' dir='ltr'>quum</span> <span class='ocrx_word' id='word_1_225' title='bbox 1270 3977 1370 4057; x_wconf 89' lang='lat' dir='ltr'>partes</span> <span class='ocrx_word' id='word_1_226' title='bbox 1402 3970 1479 4034; x_wconf 88' lang='lat' dir='ltr'>siut:</span> <span class='ocrx_word' id='word_1_227' title='bbox 1512 3969 1629 4053; x_wconf 89' lang='lat' dir='ltr'>pnigos,</span> 
     </span>
     <span class='ocr_line' id='line_1_31' title="bbox 471 4062 1630 4173; baseline -0.009 -20"><span class='ocrx_word' id='word_1_228' title='bbox 471 4084 649 4173; x_wconf 82' lang='lat' dir='ltr'>anapaesti,</span> <span class='ocrx_word' id='word_1_229' title='bbox 680 4062 890 4163; x_wconf 79' lang='lat' dir='ltr'>hommatiou,</span> <span class='ocrx_word' id='word_1_230' title='bbox 910 4082 1048 4169; x_wconf 90' lang='lat' dir='ltr'>strophe,</span> <span class='ocrx_word' id='word_1_231' title='bbox 1082 4083 1268 4169; x_wconf 86' lang='lat' dir='ltr'>epirrhema,</span> <span class='ocrx_word' id='word_1_232' title='bbox 1302 4081 1506 4167; x_wconf 87' lang='lat' dir='ltr'>antistrophe,</span> <span class='ocrx_word' id='word_1_233' title='bbox 1544 4087 1630 4144; x_wconf 89' lang='lat' dir='ltr'>ante-</span> 
     </span>
     <span class='ocr_line' id='line_1_32' title="bbox 472 4180 1630 4287; baseline -0.007 -24"><span class='ocrx_word' id='word_1_234' title='bbox 472 4196 641 4287; x_wconf 88' lang='lat' dir='ltr'>pirrhema,</span> <span class='ocrx_word' id='word_1_235' title='bbox 664 4195 702 4260; x_wconf 90' lang='lat' dir='ltr'>de</span> <span class='ocrx_word' id='word_1_236' title='bbox 724 4180 836 4281; x_wconf 85' lang='lat' dir='ltr'>quihus</span> <span class='ocrx_word' id='word_1_237' title='bbox 857 4203 977 4282; x_wconf 90' lang='lat' dir='ltr'>praeter</span> <span class='ocrx_word' id='word_1_238' title='bbox 999 4196 1154 4261; x_wconf 90' lang='lat' dir='ltr'>Pollucem</span> <span class='ocrx_word' id='word_1_239' title='bbox 1176 4193 1227 4273; x_wconf 86' lang='lat' dir='ltr'>IV,</span> <span class='ocrx_word' id='word_1_240' title='bbox 1253 4197 1311 4259; x_wconf 93' lang='grc'>111</span> <span class='ocrx_word' id='word_1_241' title='bbox 1329 4217 1373 4280; x_wconf 88' lang='lat' dir='ltr'>sq.</span> <span class='ocrx_word' id='word_1_242' title='bbox 1396 4193 1523 4259; x_wconf 83' lang='lat' dir='ltr'>videndi</span> <span class='ocrx_word' id='word_1_243' title='bbox 1544 4194 1630 4258; x_wconf 91' lang='lat' dir='ltr'>scho-</span> 
     </span>
     <span class='ocr_line' id='line_1_33' title="bbox 472 4304 1631 4402; baseline -0.008 -25"><span class='ocrx_word' id='word_1_244' title='bbox 472 4313 580 4390; x_wconf 83' lang='lat' dir='ltr'>liastae</span> <span class='ocrx_word' id='word_1_245' title='bbox 603 4307 721 4374; x_wconf 78' lang='lat' dir='ltr'>Comici</span> <span class='ocrx_word' id='word_1_246' title='bbox 741 4305 820 4373; x_wconf 87' lang='lat' dir='ltr'>Nuh.</span> <span class='ocrx_word' id='word_1_247' title='bbox 843 4308 905 4373; x_wconf 83' lang='grc'>518</span> <span class='ocrx_word' id='word_1_248' title='bbox 928 4313 993 4388; x_wconf 84' lang='lat' dir='ltr'>etc,</span> <span class='ocrx_word' id='word_1_249' title='bbox 1021 4308 1056 4372; x_wconf 89' lang='lat' dir='ltr'>in</span> <span class='ocrx_word' id='word_1_250' title='bbox 1077 4307 1326 4372; x_wconf 86' lang='lat' dir='ltr'>Acharnensihus</span> <span class='ocrx_word' id='word_1_251' title='bbox 1353 4314 1385 4371; x_wconf 90' lang='lat' dir='ltr'>et</span> <span class='ocrx_word' id='word_1_252' title='bbox 1405 4305 1524 4402; x_wconf 65' lang='lat' dir='ltr'>Avibus</span> <span class='ocrx_word' id='word_1_253' title='bbox 1543 4304 1631 4368; x_wconf 85' lang='lat' dir='ltr'>deest</span> 
     </span>
     <span class='ocr_line' id='line_1_34' title="bbox 472 4414 1630 4507; baseline -0.009 -17"><span class='ocrx_word' id='word_1_254' title='bbox 472 4422 681 4500; x_wconf 84' lang='lat' dir='ltr'>hommation,</span> <span class='ocrx_word' id='word_1_255' title='bbox 709 4420 744 4484; x_wconf 90' lang='lat' dir='ltr'>in</span> <span class='ocrx_word' id='word_1_256' title='bbox 764 4419 904 4486; x_wconf 85' lang='lat' dir='ltr'>Nubibus</span> <span class='ocrx_word' id='word_1_257' title='bbox 925 4420 1048 4507; x_wconf 81' lang='lat' dir='ltr'>pnigos;</span> <span class='ocrx_word' id='word_1_258' title='bbox 1074 4420 1109 4484; x_wconf 92' lang='lat' dir='ltr'>in</span> <span class='ocrx_word' id='word_1_259' title='bbox 1131 4419 1208 4483; x_wconf 91' lang='lat' dir='ltr'>Pace</span> <span class='ocrx_word' id='word_1_260' title='bbox 1229 4419 1426 4501; x_wconf 88' lang='lat' dir='ltr'>hommation,</span> <span class='ocrx_word' id='word_1_261' title='bbox 1449 4414 1630 4503; x_wconf 79' lang='lat' dir='ltr'>epimhema,</span> 
     </span>
     <span class='ocr_line' id='line_1_35' title="bbox 472 4521 1632 4625; baseline -0.01 -22"><span class='ocrx_word' id='word_1_262' title='bbox 472 4535 716 4625; x_wconf 82' lang='lat' dir='ltr'>antepirrhema3</span> <span class='ocrx_word' id='word_1_263' title='bbox 740 4533 792 4598; x_wconf 31' lang='lat' dir='ltr'>siu·</span> <span class='ocrx_word' id='word_1_264' title='bbox 815 4521 1137 4620; x_wconf 81' lang='lat' dir='ltr'>Thesmophoritcusis</span> <span class='ocrx_word' id='word_1_265' title='bbox 1171 4530 1373 4610; x_wconf 84' lang='lat' dir='ltr'>hommatiou,</span> <span class='ocrx_word' id='word_1_266' title='bbox 1406 4529 1528 4616; x_wconf 87' lang='lat' dir='ltr'>strophe</span> <span class='ocrx_word' id='word_1_267' title='bbox 1561 4548 1632 4593; x_wconf 88' lang='lat' dir='ltr'>cum</span> 
     </span>
    </p>
   </div>
   <div class='ocr_carea' id='block_1_5' title="bbox 473 4640 1628 4801">
    <p class='ocr_par' dir='ltr' id='par_1_7' title="bbox 473 4631 1628 4801">
     <span class='ocr_line' id='line_1_36' title="bbox 473 4640 1628 4737; baseline -0.01 -20"><span class='ocrx_word' id='word_1_268' title='bbox 473 4645 675 4737; x_wconf 64' lang='lat' dir='ltr'>antistropha,</span> <span class='ocrx_word' id='word_1_269' title='bbox 691 4643 930 4733; x_wconf 86' lang='lat' dir='ltr'>antepirrhema3</span> <span class='ocrx_word' id='word_1_270' title='bbox 950 4645 986 4711; x_wconf 91' lang='lat' dir='ltr'>in</span> <span class='ocrx_word' id='word_1_271' title='bbox 995 4643 1091 4711; x_wconf 88' lang='lat' dir='ltr'>Ranis</span> <span class='ocrx_word' id='word_1_272' title='bbox 1110 4641 1308 4722; x_wconf 84' lang='lat' dir='ltr'>hommatiori,</span> <span class='ocrx_word' id='word_1_273' title='bbox 1323 4640 1490 4729; x_wconf 84' lang='lat' dir='ltr'>anapaesti,</span> <span class='ocrx_word' id='word_1_274' title='bbox 1504 4641 1628 4729; x_wconf 80' lang='lat' dir='ltr'>pnigos&#39;3</span> 
     </span>
     <span class='ocr_line' id='line_1_37' title="bbox 990 4744 1424 4801; baseline 0.005 -53"><span class='ocrx_word' id='word_1_275' title='bbox 990 4744 992 4748; x_wconf 85' lang='lat'>.</span> <span class='ocrx_word' id='word_1_276' title='bbox 1393 4744 1424 4801; x_wconf 47' lang='lat' dir='ltr'>G,</span> 
     </span>
    </p>
   </div>
   <div class='ocr_carea' id='block_1_6' title="bbox 0 0 2254 5467">
    <p class='ocr_par' dir='ltr' id='par_1_8' title="bbox 0 0 2254 5467">
     <span class='ocr_line' id='line_1_38' title="bbox 0 0 2254 5467; baseline 0 0"><span class='ocrx_word' id='word_1_277' title='bbox 0 0 2254 5467; x_wconf 95' lang='lat' dir='ltr'> </span> 
     </span>
    </p>
   </div>
  </div>
 </body>
</html>
