4484 5467
946 439 1184 538 ΣΦΗΚΕΣ.

941 593 1109 668 'resins
1179 626 1182 635 =

621 713 663 797 μὴ
688 712 866 797 φροντίσῃς·
889 712 939 776 ἐὰν
963 712 1024 795 ἐγὼ
1047 711 1155 781 λίθους
1179 710 1255 798 ἔχω,
1300 719 1302 723 ’

620 827 742 888 πολλῶν
767 826 913 888 δικαστῶν
939 825 1066 909 σφηκιὰν
1091 825 1250 888 διασκεδῶ.
1338 828 1343 852 ”

497 1060 522 1095 v.
536 1043 595 1096 sss.
632 1045 674 1096 ent
695 1046 745 1116 nn
764 1046 836 1098 nv.
855 1047 921 1099 runt.
939 1048 1014 1100 reon.
1034 1009 1081 1099 eus
1094 1065 1140 1119 περ
1161 1047 1212 1118 epu
1229 1046 1327 1099 vnn.
1346 1047 1430 1116 vulgo,
1448 1049 1553 1129 nnnc.
1584 1050 1628 1102 ec

534 1129 585 1198 ἐγὼ
608 1139 667 1197 post
685 1132 826 1185 Bekkerum
849 1135 1003 1185 recentiores
1026 1137 1051 1185 et
1068 1133 1156 1186 Elmsl.
1174 1134 1239 1188 Ach.
1264 1136 1321 1188 127.
1356 1134 1488 1188 Dobraeus
1506 1152 1630 1204 propone·

533 1213 590 1265 bat:
609 1212 645 1271 ὡς
663 1215 706 1266 ἐὰν
725 1214 790 1275 ἅπαξ
809 1218 896 1284 (quum
914 1232 988 1269 versu
1008 1216 1202 1287 stringeretur
1221 1221 1258 1281 ὡς
1278 1220 1348 1293 ἡνίκ’
1368 1218 1409 1283 ἂν)
1427 1216 1513 1277 λίθους
1531 1220 1583 1293 ἔχω
1595 1250 1629 1259 -

533 1300 608 1367 quasi
625 1301 707 1367 prima
725 1301 823 1368 syllaba
841 1303 947 1355 voculae
965 1302 1008 1354 ἐάν
1026 1306 1114 1369 posset
1131 1304 1157 1354 iu
1183 1307 1234 1357 arsi
1252 1320 1316 1370 esse,
1334 1303 1401 1372 quod
1413 1303 1535 1371 exemplis
1548 1313 1630 1370 oer·et;

533 1389 610 1453 atque
628 1385 707 1438 idem:
734 1386 765 1458 ἠν
785 1387 862 1456 μόνον
882 1389 918 1451 (iu
936 1388 1062 1451 Adsere).
1098 1388 1150 1441 Alii
1176 1391 1373 1459 suspicabantur
1395 1389 1438 1442 ἐὰν
1460 1390 1515 1462 γάρ.
1544 1391 1629 1442 Reislr.

533 1490 570 1542 γε.
588 1471 684 1523 Verum
701 1472 847 1526 Dindorfius
865 1474 992 1542 exemplis
1010 1475 1219 1529 luculentissimis
1238 1478 1270 1530 sd
1287 1478 1312 1529 h.
1331 1494 1354 1529 v.
1374 1470 1456 1528 allatis
1474 1474 1631 1528 demonstra-

533 1560 578 1621 rit,
598 1558 704 1611 alteram
722 1557 847 1624 syllabam
865 1558 972 1626 produci
991 1562 1049 1611 ante
1066 1559 1170 1613 vocales
1184 1577 1265 1629 neque
1283 1577 1347 1631 opus
1365 1576 1422 1613 esse
1439 1564 1562 1628 perpetuo
1581 1562 1630 1614 isto

533 1642 646 1694 remedio
655 1633 822 1694 inculcandae
833 1643 977 1710 'particulae
994 1644 1030 1713 γέ.
1050 1644 1213 1714 Comparavit
1225 1648 1303 1716 Vesp.
1324 1646 1398 1700 1231.
1416 1646 1483 1697 Plut.
1500 1644 1556 1698 126.
1570 1646 1629 1699 481.

535 1728 599 1793 482;
621 1732 675 1780 tum
697 1744 711 1780 e
734 1728 861 1797 Sophocle
884 1728 944 1781 Oed.
968 1728 1022 1783 Col.
1042 1733 1114 1786 1407
1137 1750 1169 1786 ex
1193 1734 1307 1787 Elmsleii
1329 1731 1513 1785 emendatione.
1554 1731 1629 1785 Locis

533 1815 703 1878 comicorum,
721 1829 785 1883 quos
803 1829 834 1865 ex
853 1814 985 1868 Athenaeo
1005 1817 1098 1883 attulit,
1122 1819 1201 1872 addas
1220 1819 1291 1872 Stob.
1309 1817 1395 1871 Floril.
1414 1818 1456 1881 27,
1475 1816 1491 1869 8
1508 1832 1541 1869 ex
1558 1818 1631 1871 Anti·

533 1901 626 1969 phaue‚
644 1898 687 1951 ἐὰν
707 1898 843 1973 ἐπιορκήοῃ
861 1919 910 1964 τις,
928 1901 1002 1954 Mein.
1023 1903 1093 1957 Com.
1112 1906 1137 1959 Π
1153 1923 1178 1975 p.
1190 1906 1251 1969 1493
1270 1905 1358 1973 (lomp.
1377 1904 1511 1958 Menandri
1528 1908 1554 1957 et
1572 1906 1630 1958 Phi·

533 1988 591 2040 lem.
610 2004 635 2055 p.
655 1986 718 2039 361:
736 1986 779 2038 toln
798 1983 904 2057 ἀγαθοῦ,
922 1989 997 2042 Mein.
1016 1988 1087 2043 Gom.
1105 1992 1142 2045 IV
1159 2009 1183 2060 p.
1195 1990 1252 2043 240.
1288 1992 1373 2059 Atque
1390 1992 1417 2042 in
1433 2006 1457 2043 v.
1476 1990 1630 2059 Antiphanis

535 2091 576 2144 ap.
589 2073 682 2127 Athen.
692 2073 736 2138 111,
755 2072 805 2126 123
814 2073 838 2126 b.
848 2075 923 2127 Mein.
937 2074 1007 2129 Gom.
1019 2076 1056 2129 III
1067 2094 1092 2146 p.
1103 2077 1148 2130 97:
1167 2076 1210 2129 ἐὰν
1229 2076 1277 2149 ἄρα
1294 2074 1464 2139 scribendum,
1482 2075 1576 2129 omisso
1594 2075 1629 2129 δῖ

517 2299 541 2334 v.
560 2280 619 2334 229.
653 2280 691 2334 De
718 2280 863 2334 discrimine
889 2283 1024 2337 verborum
1073 2283 1196 2336 cubantes
1224 2297 1312 2336 omnes
1335 2280 1415 2333 mults
1437 2279 1520 2333 adhuc
1547 2285 1630 2347 nocte,

463 2368 575 2442 σφηκίας
593 2371 618 2419 et
637 2368 732 2440 οφηκιά
749 2366 800 2419 rid.
818 2368 892 2420 Mein.
912 2368 981 2422 Gom.
999 2368 1023 2420 Π
1072 2372 1146 2437 pater
1163 2383 1222 2421 vero
1235 2382 1314 2420 senex
1330 2368 1399 2419 intus
1411 2365 1558 2436 pennotus,
1577 2367 1631 2420 ubi·

464 2473 490 2524 p.
504 2454 564 2508 353.
595 2454 665 2507 Haeo
682 2469 742 2506 vero
764 2453 808 2505 ubi
825 2453 912 2506 Sosius
934 2454 1022 2521 loquu-
1073 2470 1121 2523 que
1139 2454 1237 2506 exitum
1259 2453 1298 2505 vel
1322 2467 1446 2521 quaerens
1464 2451 1504 2528 rel
1522 2456 1631 2505 tentans.

463 2548 515 2605 tus,
533 2540 561 2592 iu
578 2541 688 2592 statione
706 2540 814 2608 pristina
832 2543 954 2602 versatur,
972 2540 988 2591 i.
999 2555 1021 2591 e.
1073 2539 1205 2606 Temporis
1223 2538 1380 2606 aliquantum
1395 2538 1549 2608 praeterlubi
1566 2555 1632 2607 opus

464 2629 524 2679 ante
547 2625 614 2679 iores
636 2624 732 2678 assidet
753 2641 811 2677 cum
828 2624 943 2677 Xanthia
960 2625 1022 2676 ism·
1072 2628 1124 2687 est,
1148 2622 1225 2675 altum
1245 2627 1284 2675 est
1301 2624 1442 2687 silentium,
1469 2623 1582 2689 deserta,
1604 2627 1633 2676 ut

463 2714 516 2765 iam
534 2727 624 2765 somno
642 2712 726 2781 sopito
743 2712 798 2781 ipse
816 2710 948 2778 evestigio
967 2710 1024 2763 dor·
1072 2709 1184 2772 ridetur,
1209 2707 1301 2761 omnia.
1336 2708 1403 2760 Tum
1420 2708 1513 2762 chorus
1534 2725 1632 2774 senum,

464 2799 583 2851 miturus.
622 2797 718 2849 Eadem
746 2798 823 2865 igitur
852 2797 936 2849 omnis
965 2800 1024 2849 sunt
1073 2795 1154 2847 mults
1179 2794 1296 2847 obtectus
1326 2792 1435 2859 caligine
1460 2794 1545 2861 prodit
1574 2811 1633 2848 cum

466 2890 543 2955 atque
560 2885 633 2949 initio
651 2884 751 2936 fabulae
772 2882 887 2935 luerunt:
908 2882 975 2936 filius
997 2884 1023 2935 in
1072 2881 1167 2950 pueris,
1185 2880 1228 2948 qui
1245 2879 1363 2943 lucernis,
1381 2892 1444 2947 quas
1463 2882 1572 2946 gestant,
1589 2881 1633 2932 rix

466 2972 619 3036 coenaculo,
641 2972 708 3024 serni
731 2970 781 3023 duo
800 2968 963 3035 antecedes,
985 2986 1024 3022 re·
1073 2968 1138 3020 lucis
1156 2965 1252 3033 aliquid
1269 2964 1374 3017 iaciunt.
