4484 5467
641 628 685 681 DE
701 628 872 683 lVDlClBVS
890 629 1148 685 ATHENIENSIVM
1167 630 1346 696 REBVSQVE
1364 629 1592 685 lVDlClALlBVS
1639 632 1696 695 121

583 800 659 885 πρὸς
679 803 740 865 τῶν
763 803 854 883 θεῶν,
878 802 1031 890 ἄνθρωπε,
1053 805 1241 891 ναύφρακτον
1265 804 1303 887 (s.
1325 802 1529 890 ναύφαρκτον)
1552 804 1679 891 βλέπεις,

540 931 634 994 quem
654 932 779 977 versum
800 913 885 978 varie
914 914 1092 979 scholiastae
1121 916 1290 1002 explicant3
1318 937 1425 980 sensus
1447 920 1508 980 est:
1537 936 1592 1000 per
1618 914 1713 993 deos,¹

540 1023 646 1105 homo,
674 1023 816 1090 stationis
847 1025 945 1091 instar
967 1026 1095 1092 navium
1117 1027 1240 1092 oculum
1260 1028 1354 1092 habes
1377 1026 1522 1092 immensi
1543 1026 1695 1091 circuitus.

538 1133 648 1201 Paullo
670 1135 753 1200 enim
777 1136 866 1203 aliter
887 1138 1103 1224 interpungere
1125 1138 1242 1221 malim,
1266 1161 1360 1225 quam
1380 1139 1473 1221 vulgo
1494 1139 1544 1203 lit:

695 1248 770 1335 πρὸς
792 1254 852 1315 τῶν
876 1251 968 1329 θεῶν,
992 1250 1145 1337 ἄνθρωπε,
1168 1252 1355 1338 ναύφρακτον
1380 1250 1512 1339 βλέπειςί

566 1365 591 1375 ”
697 1360 716 1446 ἦ
742 1364 808 1448 περὶ
831 1361 924 1449 ἄκραν
947 1366 1091 1448 κάμπτων
1115 1364 1278 1429 νεώσοικον
1302 1367 1441 1443 σκοπεῖς;

510 1471 647 1556 ‘Itaque
675 1475 773 1557 quum
805 1473 1000 1559 perspicuum
1029 1480 1120 1553 esset,
1155 1476 1225 1547 τούς
1254 1479 1442 1563 δρυφάκτους
1469 1474 1607 1557 ligneum
1635 1491 1700 1536 esse

536 1604 664 1649 murum
687 1584 899 1664 tribunalium,
922 1592 1002 1650 recte
1025 1587 1176 1654 Philoclen
1197 1588 1298 1673 potuit
1319 1608 1424 1672 rogare
1446 1607 1475 1650 ν.
1499 1585 1570 1650 385:

1204 1700 1242 1785 ἧν
1265 1725 1292 1764 τι
1314 1700 1405 1764 πάθω
1430 1698 1495 1782 ’γάη

583 1806 741 1878 ἀνελόντες
762 1811 811 1872 καλ
833 1811 1092 1881 κατακλαύσαντες
1113 1812 1214 1877 θεῖναί
1237 1810 1271 1897 μ’
1297 1812 1354 1875 oso
1377 1815 1455 1875 τοῖσι
1479 1812 1672 1897 δρυφάκτοιςι

537 1919 622 2003 quod
644 1919 711 1982 fieri
737 1940 800 1984 non
822 1927 954 2005 poterat,
985 1922 1011 1986 si
1033 1923 1081 1987 vel
1104 1923 1142 1988 de
1163 1922 1293 2008 lapideis
1315 1922 1412 1987 muris
1433 1922 1481 1986 vel
1505 1921 1542 1985 de
1564 1920 1701 1995 aedificio

536 2029 674 2115 quodam
695 2031 856 2096 artificiose
878 2038 1031 2098 exstructo
1054 2035 1232 2119 cogitamus.
1270 2035 1377 2119 Neque
1398 2056 1470 2098 cum
1488 2033 1631 2098 cancellis
1646 2034 1700 2114 ita,

535 2127 789 2225 utgrammatioi
810 2144 938 2226 iaciunt,
964 2149 991 2209 οἱ
1014 2148 1176 2234 δρύφακτον
1199 2145 1395 2232 comparandi
1417 2151 1505 2224 sunt,
1535 2166 1630 2229 quum
1654 2144 1701 2209 illi

537 2255 624 2319 intra
645 2254 815 2321 tribunalia
836 2256 973 2321 iudicum
989 2257 1074 2323 sedes
1097 2280 1115 2322 a
1136 2260 1254 2343 reliquo
1270 2258 1369 2345 spatio
1390 2264 1559 2338 secernant,
1582 2256 1615 2320 hi
1629 2277 1701 2321 vero

536 2373 641 2432 totum
669 2367 807 2440 tribunal
835 2369 1081 2454 circumsepiant.
1131 2371 1237 2456 Neque
1265 2392 1335 2456 pars
1357 2390 1412 2456 pro
1441 2375 1504 2434 toto
1525 2369 1623 2454 posita
1645 2375 1700 2450 est,

537 2485 575 2543 ut
594 2478 760 2544 'scholiasta
782 2480 893 2545 voluit:
917 2482 995 2567 λέγει
1019 2484 1077 2547 ἀπὸ
1105 2484 1216 2569 μέρους
1237 2484 1270 2547 τδ
1294 2485 1498 2569 δικαστήριον,
1521 2503 1618 2566 quum
1639 2502 1701 2544 non

537 2591 573 2655 in
597 2590 758 2656 dicasterio
785 2592 839 2656 sed
861 2594 918 2659 sub
941 2593 1016 2679 ipsis
1040 2597 1234 2681 δρυφάκτοις,
1264 2594 1420 2673 cancellis,
1448 2592 1569 2678 sepeliri
1592 2614 1624 2657 se
1646 2586 1701 2656 cu-

542 2702 734 2789 piat'senex.
780 2708 782 2713 '

570 2815 681 2879 '''Illi
702 2814 797 2898 igitur
819 2817 991 2904 δρύφακτοι,
1017 2819 1127 2892 ξύλινοι
1150 2818 1295 2907 θώρακες,
1317 2839 1410 2901 quam
1432 2817 1569 2881 modicae
1587 2809 1703 2881 fuerint

540 2927 727 3006 altitudime,
749 2927 970 3014 Aristophanes
992 2930 1087 3009 docet,
1110 2950 1207 3014 quum
1230 2929 1306 2994 dicit
1327 2929 1430 3014 nquit.
1454 2924 1556 2993 6752'
1593 3015 1596 3022 Ι

573 3043 596 3054 ”
625 3044 628 3048 “
741 3039 804 3104 εἶθ’
830 3042 1025 3128 ὑπερεπήδων
1048 3042 1119 3113 τούς
1142 3044 1330 3129 δρυφάκτους
1352 3045 1508 3126 πανταχῆε
1593 3043 1596 3048 ’

541 3151 751 3217 memorabilis
778 3151 877 3231 locus,
907 3160 938 3217 et
966 3153 1147 3219 concionum
1170 3160 1201 3217 et
1227 3152 1412 3217 iudiciorum
1440 3150 1603 3233 cancelloS,
1631 3150 1703 3223 τούς

542 3266 742 3352 δρυφάκτους,
766 3264 903 3329 eiusdem
920 3265 1039 3349 generis
1061 3264 1155 3329 luisse
1171 3264 1391 3343 demonstrans
1415 3284 1512 3348 quum
1527 3263 1701 3347 ceteroquin

541 3379 562 3460 ἠ
588 3376 733 3461 ἐκκλησία
761 3382 792 3440 et
818 3377 850 3440 τὸ
882 3380 1070 3465 δικαστήριον
1099 3376 1148 3440 vel
1179 3380 1206 3441 οί
1228 3379 1439 3462 ἐκκλησιασταλ
1460 3381 1490 3439 ot
1519 3378 1547 3439 oi
1570 3373 1703 3439 δικασταὶ

541 3488 626 3552 inter
650 3491 686 3552 ‘se
715 3490 837 3575 saepius
865 3495 1093 3574 permutentur3
1123 3495 1159 3552 ut
1187 3488 1279 3553 schol.
1303 3489 1379 3552 Rau.
1407 3488 1463 3573 sq.
1492 3488 1532 3551 4⁶2
1563 3487 1703 3571 πυκνίτης

495 3638 500 3646 -
542 3599 692 3684 explicat:
716 3602 791 3676 πνύξ
813 3603 846 3666 τδ
870 3604 900 3666 ἐν
922 3601 1068 3685 Ἀθήναις
1091 3602 1292 3687 δικαστήριον.

631 3711 683 3775 ΙΧ.
726 3713 858 3792 Vnieus‚
875 3719 923 3779 ut
944 3713 1081 3793 videtur,
1115 3717 1147 3776 et
1173 3711 1206 3775 in
1229 3711 1426 3777 dicasterium
1453 3718 1485 3775 ot
1506 3711 1539 3775 in
1562 3717 1704 3776 senatum

543 3823 648 3907 (Dcm.
670 3827 746 3890 κατὰ
760 3824 910 3913 Ἀριστογ.
935 3824 965 3891 α’
990 3848 1019 3911 p.
1036 3824 1113 3907 776)
1135 3822 1280 3888 introitus
1303 3822 1474 3909 appellatur
1496 3826 1515 3909 η
1540 3824 1703 3907 κιγκλίς,

543 3940 613 3999 tum
637 3938 672 3999 cl
694 3940 899 4022 κιγκλίδες.
937 3938 983 4001 Do
998 3959 1059 4022 qua
1073 3935 1166 4000 schol.
1181 3935 1273 4019 Vesp.
1292 3936 1368 3999 124:
1391 3936 1503 4020 κιγκλὶς
1518 3938 1537 4018 ἡ
1554 3935 1634 4021 θύρα
1648 3940 1702 4000 τοῦ

543 4047 754 4135 δικαστηρίουε
777 4048 858 4134 quod
881 4049 933 4114 alii
957 4048 1080 4113 cuidam
1102 4048 1215 4111 iterum
1239 4048 1299 4111 ἀπὸ
1317 4046 1428 4133 μέρους
1451 4046 1569 4110 dictum
1583 4045 1705 4110 videtur
1733 4123 1737 4133 Ι

540 4181 619 4239 csse,
642 4182 739 4246 quum
761 4161 862 4226 addit:
890 4164 953 4227 ἀντὶ
974 4165 1028 4224 τού
1048 4162 1078 4226 ἐν
1102 4167 1148 4247 tq]
1170 4159 1352 4245 δικαστηρίῳ
1377 4160 1393 4222 ύ
1416 4162 1523 4245 πατήρ.
1568 4156 1630 4222 Sed
1651 4156 1705 4220 diu

546 4276 621 4337 ante
643 4278 746 4358 portas
768 4280 849 4339 stare
871 4274 1070 4357 cogebantur,
1098 4271 1153 4354 qui
1179 4277 1317 4357 κνεφαῖοι
1347 4276 1504 4334 venerant.
1548 4267 1703 4353 Aristoph.

539 4384 780 4452 Deetalensibus
803 4407 851 4471 ap.
867 4385 1013 4470 Harpocr.
1037 4405 1060 4447 s.
1076 4403 1106 4446 ν.
1129 4384 1256 4467 κιγκλίς·
1280 4384 1296 4446 δ
1320 4382 1347 4446 δ’
1373 4383 1519 4465 ἡλιαστὴς
1533 4381 1616 4465 εἷρπε
1631 4379 1706 4475 πρδς

537 4502 596 4583 τὴν
621 4498 765 4582 κιγκλίδα.
810 4497 901 4561 Porro
923 4496 1015 4561 schol.
1038 4496 1092 4579 Eq.
1116 4497 1195 4559 641:
1218 4498 1271 4578 τἠν
1295 4494 1445 4577 κιγκλίδας
1469 4494 1521 4575 τὴν
1546 4491 1650 4576 θύραν,
1673 4491 1706 4554 τδ

536 4614 689 4695 κοίγκελον
719 4614 772 4673 τοῦ
798 4609 999 4695 δικαστηρίου.
1039 4610 1121 4679 ἰδίως
1151 4608 1258 4677 δὲτὰς
1282 4610 1386 4675 διπλᾶς
1415 4603 1510 4688 θύρας
1534 4604 1614 4667 οὕτω
1636 4606 1705 4689 κλη-
