4484 5467
905 598 1081 688 orceoao
1098 601 1286 658 νιιιινιιιτι
1660 610 1703 676 55

542 780 639 863 digna
668 778 766 865 possit
793 775 918 842 Gomico
943 776 1061 859 vocari,
1089 781 1194 841 mente
1220 795 1256 841 ao
1283 776 1465 859 cogitatione
1486 786 1622 864 repetere
1642 782 1703 846 sibi

542 891 747 978 proposuerit
780 890 827 956 Ao
840 888 1035 975 perspicuum
1051 888 1194 954 omnibus
1208 894 1264 967 est,
1279 908 1342 954 non
1357 893 1418 954 tres
1433 897 1625 974 quattuorve,
1647 895 1701 978 qui

542 1024 577 1069 re
604 1024 682 1084 vera
705 1001 830 1084 fuerint,
858 1000 1001 1065 Carcinos
1028 1000 1127 1065 risum
1154 1018 1276 1065 movere
1303 1000 1439 1085 potuisse
1465 1001 1619 1085 saltand03
1648 1006 1702 1071 sed

540 1115 679 1182 movisse
700 1113 799 1180 risum
821 1112 998 1179 innumeros
1009 1111 1211 1177 homunculos
1226 1112 1406 1192 Carcinites,
1429 1114 1484 1179 ubi
1503 1116 1710 1199 prosiluerint‘
1832 1100 1835 1105 ’

546 1248 584 1293 ac
606 1224 870 1293 stathnturbinis
890 1224 990 1290 instar
1009 1243 1043 1288 se
1063 1224 1267 1302 versaverint,
1290 1246 1360 1289 cum
1389 1224 1550 1291 velocitate
1577 1250 1701 1293 cancro-

541 1361 616 1405 rum
651 1338 783 1404 brachiis
810 1336 1000 1423 pedibusque
1028 1355 1136 1400 auram
1162 1342 1330 1401 moventes.
1374 1337 1481 1423 Itaque
1512 1340 1566 1423 qui
1597 1339 1701 1425 plures

541 1452 640 1517 fuisse
662 1450 820 1516 saltatores
842 1446 1058 1525 concedamus,
1081 1468 1183 1512 nonne
1204 1448 1298 1513 etiam
1319 1448 1423 1533 plures
1444 1472 1554 1536 pueros
1573 1452 1701 1517 chorum

540 1563 703 1630 comitetos
730 1582 795 1627 esse
814 1558 982 1626 dicemus?
1029 1560 1152 1625 Etenim
1187 1566 1243 1625 aut
1270 1561 1361 1625 cortis
1390 1562 1550 1629 ordinibus
1583 1563 1701 1629 Chorus

540 1675 622 1743 adiit
650 1673 837 1741 orchestram
865 1678 921 1737 aut
948 1670 1073 1753 solutis3
1101 1673 1144 1751 si,
1167 1673 1249 1757 quod
1269 1693 1378 1739 verum
1400 1664 1455 1754 est,
1478 1674 1583 1755 certis,
1606 1676 1701 1741 nimis

540 1810 636 1877 porca
658 1794 706 1853 est
725 1786 790 1868 lux,
813 1804 907 1869 quam
920 1784 1068 1869 praebent
1080 1785 1375 1873 pueripraeeuntes,
1397 1786 1447 1851 sin
1462 1787 1580 1866 solutis,
1602 1809 1700 1852 unus·
1800 1827 1804 1835 ·

541 1900 675 1987 quisque
702 1918 759 1964 suo
786 1897 885 1962 utitur
912 1916 1007 1981 puero
1036 1896 1156 1965 comite.
1205 1899 1326 1963 Iamsi
1358 1898 1462 1984 plures
1499 1900 1700 1965 concedamus

538 2012 699 2089 luciferos,
728 2015 821 2075 erunt
851 2007 1113 2094 quattuordecim,
1141 2009 1259 2075 seilicet
1288 2017 1449 2095 quattuor,
1482 2011 1536 2095 qui
1563 2011 1699 2097 primum

544 2125 653 2207 iugum
682 2121 878 2201 antecedant,
912 2120 1001 2206 quini
1028 2121 1067 2185 ab
1095 2126 1226 2206 utraque
1254 2122 1396 2205 iugorum
1428 2128 1529 2207 parte,
1563 2129 1599 2187 ut
1632 2123 1699 2188 bini

544 2235 688 2322 quodque
709 2234 819 2318 iugum
840 2234 1032 2299 comitentur.
1077 2233 1159 2298 Tum
1181 2254 1288 2298 versus
1308 2232 1357 2300 illi
1378 2233 1500 2318 saepius
1520 2233 1638 2298 laudati
1661 2236 1699 2299 ab

541 2346 688 2415 omnibus
710 2346 814 2432 pueris
835 2349 1087 2423 recantantur,
1109 2344 1225 2410 iunctis
1237 2345 1362 2410 vocibus
1378 2344 1580 2430 respondente
1595 2346 1701 2427 ch0103

537 2468 611 2527 tum
631 2477 753 2544 quoque
775 2477 881 2523 omnes
902 2456 996 2522 simul
1017 2455 1130 2542 pugnis
1151 2463 1300 2523 notantur
1331 2475 1360 2521 v.
1384 2458 1464 2537 2543
1491 2464 1560 2521 tum
1585 2459 1701 2544 optime

545 2594 582 2638 se
605 2570 699 2636 habet
728 2569 827 2635 istud:
855 2568 872 2633 ἒ
896 2568 928 2648 ἔ,
950 2570 1031 2656 παρὰ
1051 2575 1112 2655 νῷν
1143 2572 1307 2649 στενάζειν,
1331 2590 1366 2633 ν.
1395 2568 1467 2633 316.
1510 2569 1651 2654 Denique
1672 2571 1699 2636 si

536 2703 651 2771 pueros
673 2680 918 2767 quattuordecim
939 2680 1034 2745 fauisse
1055 2701 1188 2760 ceusms,
1214 2702 1271 2767 par
1303 2681 1362 2746 erit
1384 2680 1608 2747 Carcinitarum
1640 2703 1700 2747 nu-

536 2816 661 2874 merus,
700 2791 826 2859 habebis
848 2792 975 2858 chorum
996 2792 1149 2876 tragicum
1177 2812 1247 2857 eum
1269 2792 1461 2859 Philocleone
1483 2792 1614 2878 chorago
1636 2794 1700 2859 bel-

537 2906 658 2973 lissime
685 2906 830 2972 derisum
874 2904 936 2971 Sed
957 2904 1033 2969 haec
1054 2903 1220 2969 hactenus:
1243 2924 1317 2968 nam
1338 2904 1494 2990 proposita
1514 2906 1612 2989 magis
1627 2913 1702 2971 sunt

538 3041 638 3107 quam
650 3019 758 3103 utique
777 3017 919 3104 probetur
940 3016 1029 3083 modo
1043 3014 1182 3081 evincere
1196 3013 1333 3095 licuerit,
1354 3022 1392 3080 ut
1405 3016 1514 3082 chorus
1529 3018 1699 3103 Vesperum

538 3131 635 3197 fuerit
655 3131 781 3215 integer.

626 3242 681 3308 III.
727 3242 787 3320 Qui
798 3242 893 3308 fuerit
906 3262 1014 3307 senum
1030 3240 1245 3307 choreutarum
1266 3239 1406 3319 vestitus,
1429 3239 1468 3304 ab
1488 3240 1556 3325 ipso
1579 3240 1701 3306 Comico

539 3356 661 3420 discere
684 3354 765 3422 licet
809 3354 869 3433 Qui
899 3374 995 3439 quum
1024 3352 1144 3417 duobus
1173 3350 1369 3437 potissimum
1391 3351 1466 3418 locis
1494 3352 1700 3417 Philocleonis

539 3467 690 3533 vestitum
712 3466 894 3553 depinxerit,
916 3466 1032 3531 iudices
1054 3463 1185 3547 collegas
1207 3464 1313 3530 eodem
1334 3463 1459 3529 indutos
1474 3484 1549 3543 esse,
1571 3484 1698 3528 consen·

539 3587 670 3645 teneam
693 3585 748 3645 eet
792 3580 898 3644 Gestat
919 3582 1024 3643 autem
1052 3597 1145 3641 senex
1167 3576 1298 3662 pellium
1323 3577 1357 3640 τὸ
1385 3578 1539 3665 τριβώνιον
1568 3598 1597 3641 ν.
1629 3577 1698 3655 136,

540 3691 592 3757 vel
620 3691 670 3756 τὸν
698 3691 830 3780 τρίβωνα
851 3689 1125 3781 uim-1131
1157 3694 1188 3753 et
1215 3689 1331 3754 calceos
1352 3690 1405 3760 τὰς
1427 3689 1562 3777 ἐμβάδας
1583 3710 1613 3752 v.
1639 3688 1699 3753 103

540 3809 573 3867 et
595 3822 624 3867 v.
648 3802 745 3883 11573
773 3801 811 3867 de
841 3801 953 3886 quibus
981 3802 1072 3867 rebus
1094 3801 1193 3887 capite
1215 3801 1258 3865 IV
1286 3819 1446 3887 exponam.
1490 3800 1550 3864 Hic
1576 3784 1700 3864 monere

539 3913 690 3993 sufficiat,
719 3914 753 3978 τὸ
781 3916 937 4003 τριβώνιον
966 3914 1049 3979 idem
1076 3913 1178 3978 valere
1200 3936 1235 3979 ac
1256 3915 1310 3999 τὴν
1334 3913 1481 3999 ἐξωμίδα,
1503 3912 1584 3996 quod
1606 3912 1700 3976 vesti-

539 4031 684 4108 mentum
705 4025 857 4091 comicum
878 4024 973 4090 fuisse
994 4024 1203 4111 lexicographi
1224 4024 1368 4104 tradunt,
1396 4030 1433 4103 ut
1454 4030 1575 4109 praeter
1596 4024 1700 4088 Pollu-

541 4158 610 4203 cem
632 4137 684 4215 IV,
709 4139 770 4203 118
792 4136 894 4222 Etym.
916 4137 957 4201 M.
980 4137 1162 4223 Hesychius,
1184 4137 1312 4202 Photius
1334 4160 1359 4201 s.
1381 4158 1412 4201 ν.
1455 4136 1533 4199 Item
1556 4138 1587 4200 αἱ
1609 4137 1701 4223 ἐρβά-

542 4253 593 4320 δτς
626 4254 657 4313 et
683 4248 846 4315 hominum
875 4250 1064 4333 egentiorum
1084 4256 1125 4321 ⁴et
1160 4248 1331 4315 comoediae
1363 4247 1614 4313 calceamentum.
1659 4245 1700 4311 ‘H

541 4362 657 4447 ἐξωρίς
678 4381 766 4446 porro
788 4382 885 4445 quum
907 4360 1085 4446 Etymologo
1108 4362 1220 4445 Magno
1242 4367 1274 4425 et
1295 4360 1450 4445 Hesychio
1471 4357 1647 4423 auctoribus
1670 4364 1701 4422 et
1729 4408 1731 4412 .

539 4475 633 4561 χιτὼν
656 4473 750 4538 fuerit
776 4480 808 4539 et
829 4477 963 4561 ἱμάτιον,
985 4495 1005 4537 a
1025 4474 1123 4540 servis
1144 4474 1259 4560 pariter
1281 4479 1372 4558 atque
1395 4492 1414 4535 a
1435 4470 1540 4536 liberis
1562 4470 1700 4552 gestaba-

539 4592 604 4654 tur.
635 4584 725 4653 Servi
747 4584 832 4654 enim
852 4586 955 4654 cincta
969 4584 1025 4651 illa
1045 4585 1150 4675 itaque
1171 4585 1269 4652 multo
1287 4582 1419 4651 breviori
1433 4583 1609 4664 utebantur,
1630 4582 1652 4647 i.
1675 4605 1701 4647 e.
1750 4616 1753 4621 .
