<?xml version="1.0" encoding="UTF-8"?>
<!DOCTYPE html PUBLIC "-//W3C//DTD XHTML 1.0 Transitional//EN"
    "http://www.w3.org/TR/xhtml1/DTD/xhtml1-transitional.dtd">
<html xmlns="http://www.w3.org/1999/xhtml" xml:lang="en" lang="en">
 <head>
  <title>
</title>
<meta http-equiv="Content-Type" content="text/html;charset=utf-8" />
  <meta name='ocr-system' content='tesseract 3.04.00' />
  <meta name='ocr-capabilities' content='ocr_page ocr_carea ocr_par ocr_line ocrx_word'/>
</head>
<body>
  <div class='ocr_page' id='page_1' title='image "./vespaecumproleg00richgoog_0187.png"; bbox 0 0 4484 5467; ppageno 0'>
   <div class='ocr_carea' id='block_1_1' title="bbox 838 1760 1242 1864">
    <p class='ocr_par' dir='ltr' id='par_1_1' title="bbox 838 1760 1242 1864">
     <span class='ocr_line' id='line_1_1' title="bbox 838 1760 1242 1864; baseline 0 -9"><span class='ocrx_word' id='word_1_1' title='bbox 838 1760 1242 1864; x_wconf 77' lang='grc' dir='ltr'>ΤΠΟΘΕΣΙΣ.</span> 
     </span>
    </p>
   </div>
   <div class='ocr_carea' id='block_1_2' title="bbox 413 2116 1700 3328">
    <p class='ocr_par' dir='ltr' id='par_1_2' title="bbox 461 2116 1624 2550">
     <span class='ocr_line' id='line_1_2' title="bbox 548 2116 1620 2214; baseline -0.005 -24"><span class='ocrx_word' id='word_1_2' title='bbox 548 2126 724 2190; x_wconf 76' lang='grc' dir='ltr'>Φιλοκλέων</span> <span class='ocrx_word' id='word_1_3' title='bbox 746 2124 918 2212; x_wconf 77' lang='grc' dir='ltr'>Ἀθηναῖος,</span> <span class='ocrx_word' id='word_1_4' title='bbox 940 2127 1093 2214; x_wconf 75' lang='grc' dir='ltr'>φιλόδικος</span> <span class='ocrx_word' id='word_1_5' title='bbox 1116 2128 1158 2190; x_wconf 85' lang='grc' dir='ltr'>ὢν</span> <span class='ocrx_word' id='word_1_6' title='bbox 1179 2128 1234 2211; x_wconf 82' lang='grc' dir='ltr'>τὴν</span> <span class='ocrx_word' id='word_1_7' title='bbox 1256 2125 1353 2211; x_wconf 81' lang='grc' dir='ltr'>φύσιν,</span> <span class='ocrx_word' id='word_1_8' title='bbox 1376 2122 1481 2207; x_wconf 79' lang='grc' dir='ltr'>ἐφοίτα</span> <span class='ocrx_word' id='word_1_9' title='bbox 1501 2116 1570 2206; x_wconf 83' lang='grc' dir='ltr'>Ιπερὶ</span> <span class='ocrx_word' id='word_1_10' title='bbox 1584 2121 1620 2185; x_wconf 78' lang='grc' dir='ltr'>τὰ</span> 
     </span>
     <span class='ocr_line' id='line_1_3' title="bbox 462 2228 1623 2334; baseline -0.002 -32"><span class='ocrx_word' id='word_1_11' title='bbox 462 2240 638 2323; x_wconf 78' lang='grc' dir='ltr'>δικαστήρια</span> <span class='ocrx_word' id='word_1_12' title='bbox 671 2241 816 2334; x_wconf 66' lang='grc' dir='ltr'>συνεχῶς.</span> <span class='ocrx_word' id='word_1_13' title='bbox 866 2228 1063 2304; x_wconf 74' lang='grc' dir='ltr'>Βδελυκλέων</span> <span class='ocrx_word' id='word_1_14' title='bbox 1097 2240 1131 2303; x_wconf 85' lang='grc' dir='ltr'>δέ</span> <span class='ocrx_word' id='word_1_15' title='bbox 1160 2240 1176 2302; x_wconf 89' lang='grc' dir='ltr'>ύ</span> <span class='ocrx_word' id='word_1_16' title='bbox 1208 2237 1317 2301; x_wconf 91' lang='grc' dir='ltr'>τούτου</span> <span class='ocrx_word' id='word_1_17' title='bbox 1350 2237 1418 2303; x_wconf 82' lang='grc' dir='ltr'>παῖς</span> <span class='ocrx_word' id='word_1_18' title='bbox 1451 2230 1623 2318; x_wconf 74' lang='grc' dir='ltr'>ἀχθόμενος</span> 
     </span>
     <span class='ocr_line' id='line_1_4' title="bbox 462 2343 1624 2436; baseline -0.003 -22"><span class='ocrx_word' id='word_1_19' title='bbox 462 2350 557 2433; x_wconf 70' lang='grc' dir='ltr'>ταύτῃ</span> <span class='ocrx_word' id='word_1_20' title='bbox 581 2355 623 2431; x_wconf 81' lang='grc' dir='ltr'>τγῙ</span> <span class='ocrx_word' id='word_1_21' title='bbox 665 2346 746 2433; x_wconf 85' lang='grc' dir='ltr'>νύσιρ</span> <span class='ocrx_word' id='word_1_22' title='bbox 775 2351 825 2414; x_wconf 80' lang='grc' dir='ltr'>καὶ</span> <span class='ocrx_word' id='word_1_23' title='bbox 846 2352 1030 2436; x_wconf 85' lang='grc' dir='ltr'>πειρώμενος</span> <span class='ocrx_word' id='word_1_24' title='bbox 1051 2353 1102 2415; x_wconf 84' lang='grc' dir='ltr'>τὸν</span> <span class='ocrx_word' id='word_1_25' title='bbox 1124 2350 1237 2436; x_wconf 79' lang='grc' dir='ltr'>πατέρα</span> <span class='ocrx_word' id='word_1_26' title='bbox 1258 2348 1398 2424; x_wconf 78' lang='grc' dir='ltr'>παύσειν,</span> <span class='ocrx_word' id='word_1_27' title='bbox 1430 2343 1624 2429; x_wconf 73' lang='grc' dir='ltr'>ἐγκαθείρξας</span> 
     </span>
     <span class='ocr_line' id='line_1_5' title="bbox 461 2454 1623 2550; baseline -0.008 -25"><span class='ocrx_word' id='word_1_28' title='bbox 461 2467 524 2531; x_wconf 86' lang='grc' dir='ltr'>τοῖς</span> <span class='ocrx_word' id='word_1_29' title='bbox 550 2460 643 2529; x_wconf 80' lang='grc' dir='ltr'>οἴκοις</span> <span class='ocrx_word' id='word_1_30' title='bbox 664 2462 715 2522; x_wconf 88' lang='grc' dir='ltr'>καὶ</span> <span class='ocrx_word' id='word_1_31' title='bbox 737 2460 840 2524; x_wconf 81' lang='grc' dir='ltr'>δίκτυα</span> <span class='ocrx_word' id='word_1_32' title='bbox 855 2465 1024 2549; x_wconf 77' lang='grc' dir='ltr'>περιβαλὼν</span> <span class='ocrx_word' id='word_1_33' title='bbox 1039 2464 1185 2550; x_wconf 75' lang='grc' dir='ltr'>ἐφύλαττε</span> <span class='ocrx_word' id='word_1_34' title='bbox 1206 2462 1322 2547; x_wconf 82' lang='grc' dir='ltr'>νύκτωρ</span> <span class='ocrx_word' id='word_1_35' title='bbox 1337 2460 1387 2523; x_wconf 80' lang='grc' dir='ltr'>καὶ</span> <span class='ocrx_word' id='word_1_36' title='bbox 1403 2454 1472 2542; x_wconf 73' lang='grc' dir='ltr'>μεθ’</span> <span class='ocrx_word' id='word_1_37' title='bbox 1496 2454 1623 2539; x_wconf 79' lang='grc' dir='ltr'>ἡμέραν.</span> 
     </span>
    </p>

    <p class='ocr_par' dir='ltr' id='par_1_3' title="bbox 428 2552 1700 3107">
     <span class='ocr_line' id='line_1_6' title="bbox 428 2552 1624 2661; baseline -0.005 -27"><span class='ocrx_word' id='word_1_38' title='bbox 428 2581 443 2634; x_wconf 84' lang='grc'><strong>5</strong></span> <span class='ocrx_word' id='word_1_39' title='bbox 464 2575 479 2637; x_wconf 87' lang='grc' dir='ltr'>ύ</span> <span class='ocrx_word' id='word_1_40' title='bbox 504 2574 538 2637; x_wconf 83' lang='grc' dir='ltr'>δὲ</span> <span class='ocrx_word' id='word_1_41' title='bbox 564 2570 672 2644; x_wconf 87' lang='grc' dir='ltr'>ἐξόδου</span> <span class='ocrx_word' id='word_1_42' title='bbox 696 2571 781 2656; x_wconf 74' lang='grc' dir='ltr'>αὐτῷ</span> <span class='ocrx_word' id='word_1_43' title='bbox 804 2574 845 2657; x_wconf 77' lang='grc' dir='ltr'>μὴ</span> <span class='ocrx_word' id='word_1_44' title='bbox 867 2575 1064 2661; x_wconf 76' lang='grc' dir='ltr'>προκειμένης</span> <span class='ocrx_word' id='word_1_45' title='bbox 1088 2552 1221 2661; x_wconf 77' lang='grc' dir='ltr'>ἔκραξεν.</span> <span class='ocrx_word' id='word_1_46' title='bbox 1261 2575 1287 2637; x_wconf 88' lang='grc' dir='ltr'>οί</span> <span class='ocrx_word' id='word_1_47' title='bbox 1309 2573 1342 2637; x_wconf 85' lang='grc' dir='ltr'>δέ</span> <span class='ocrx_word' id='word_1_48' title='bbox 1363 2567 1552 2634; x_wconf 83' lang='grc' dir='ltr'>συνδικασταὶ</span> <span class='ocrx_word' id='word_1_49' title='bbox 1573 2565 1624 2629; x_wconf 90' lang='grc' dir='ltr'>αύ-</span> 
     </span>
     <span class='ocr_line' id='line_1_7' title="bbox 460 2677 1624 2773; baseline -0.008 -24"><span class='ocrx_word' id='word_1_50' title='bbox 460 2688 515 2749; x_wconf 84' lang='grc' dir='ltr'>τού</span> <span class='ocrx_word' id='word_1_51' title='bbox 543 2684 646 2769; x_wconf 79' lang='grc' dir='ltr'>σφηξὶν</span> <span class='ocrx_word' id='word_1_52' title='bbox 662 2682 791 2753; x_wconf 80' lang='grc' dir='ltr'>ἑαυτοὺς</span> <span class='ocrx_word' id='word_1_53' title='bbox 807 2686 1054 2770; x_wconf 80' lang='grc' dir='ltr'>ἀρομοιιύσαντες</span> <span class='ocrx_word' id='word_1_54' title='bbox 1076 2684 1273 2773; x_wconf 76' lang='grc' dir='ltr'>παρεγένοντο</span> <span class='ocrx_word' id='word_1_55' title='bbox 1296 2681 1475 2772; x_wconf 83' lang='grc' dir='ltr'>βουλόμενοι</span> <span class='ocrx_word' id='word_1_56' title='bbox 1497 2678 1544 2742; x_wconf 79' lang='grc' dir='ltr'>διὰ</span> <span class='ocrx_word' id='word_1_57' title='bbox 1558 2677 1624 2741; x_wconf 94' lang='grc' dir='ltr'>ταύ-</span> 
     </span>
     <span class='ocr_line' id='line_1_8' title="bbox 459 2781 1627 2882; baseline -0.006 -22"><span class='ocrx_word' id='word_1_58' title='bbox 459 2821 513 2882; x_wconf 86' lang='grc' dir='ltr'>της</span> <span class='ocrx_word' id='word_1_59' title='bbox 542 2801 598 2879; x_wconf 78' lang='grc' dir='ltr'>τῆς</span> <span class='ocrx_word' id='word_1_60' title='bbox 630 2781 737 2880; x_wconf 69' lang='grc' dir='ltr'>τέχνης</span> <span class='ocrx_word' id='word_1_61' title='bbox 768 2796 959 2861; x_wconf 77' lang='grc' dir='ltr'>ύποκλέπτειν</span> <span class='ocrx_word' id='word_1_62' title='bbox 988 2800 1038 2862; x_wconf 88' lang='grc' dir='ltr'>τδν</span> <span class='ocrx_word' id='word_1_63' title='bbox 1062 2799 1270 2881; x_wconf 78' lang='grc' dir='ltr'>συνδικαστήν·</span> <span class='ocrx_word' id='word_1_64' title='bbox 1298 2797 1330 2868; x_wconf 87' lang='grc' dir='ltr'>ἐξ</span> <span class='ocrx_word' id='word_1_65' title='bbox 1361 2794 1402 2857; x_wconf 82' lang='grc' dir='ltr'>ὧν</span> <span class='ocrx_word' id='word_1_66' title='bbox 1423 2795 1473 2857; x_wconf 83' lang='grc' dir='ltr'>καὶ</span> <span class='ocrx_word' id='word_1_67' title='bbox 1494 2792 1511 2855; x_wconf 73' lang='lat' dir='ltr'><strong>i</strong></span> <span class='ocrx_word' id='word_1_68' title='bbox 1532 2792 1627 2877; x_wconf 83' lang='grc' dir='ltr'>χορὸς</span> 
     </span>
     <span class='ocr_line' id='line_1_9' title="bbox 461 2900 1623 2995; baseline -0.008 -22"><span class='ocrx_word' id='word_1_69' title='bbox 461 2908 626 2992; x_wconf 80' lang='grc' dir='ltr'>συνέστηκε</span> <span class='ocrx_word' id='word_1_70' title='bbox 649 2909 701 2971; x_wconf 82' lang='grc' dir='ltr'>καλ</span> <span class='ocrx_word' id='word_1_71' title='bbox 722 2909 755 2971; x_wconf 84' lang='grc' dir='ltr'>τὸ</span> <span class='ocrx_word' id='word_1_72' title='bbox 779 2909 882 2993; x_wconf 83' lang='grc' dir='ltr'>δρᾶμα</span> <span class='ocrx_word' id='word_1_73' title='bbox 905 2907 1126 2995; x_wconf 75' lang='grc' dir='ltr'>ἐπιγέγραπται.</span> <span class='ocrx_word' id='word_1_74' title='bbox 1164 2906 1232 2973; x_wconf 85' lang='grc' dir='ltr'>ἀλλ’</span> <span class='ocrx_word' id='word_1_75' title='bbox 1258 2906 1346 2970; x_wconf 79' lang='grc' dir='ltr'>οὐδὲν</span> <span class='ocrx_word' id='word_1_76' title='bbox 1368 2904 1461 2988; x_wconf 83' lang='grc' dir='ltr'>ἤνυον</span> <span class='ocrx_word' id='word_1_77' title='bbox 1485 2902 1557 2966; x_wconf 81' lang='grc' dir='ltr'>οὐδὲ</span> <span class='ocrx_word' id='word_1_78' title='bbox 1575 2900 1623 2965; x_wconf 87' lang='grc' dir='ltr'>ού-</span> 
     </span>
     <span class='ocr_line' id='line_1_10' title="bbox 459 3015 1700 3107; baseline -0.006 -23"><span class='ocrx_word' id='word_1_79' title='bbox 459 3044 516 3084; x_wconf 92' lang='grc' dir='ltr'>τοι.</span> <span class='ocrx_word' id='word_1_80' title='bbox 562 3018 656 3104; x_wconf 88' lang='grc' dir='ltr'>πέρας</span> <span class='ocrx_word' id='word_1_81' title='bbox 688 3019 721 3082; x_wconf 80' lang='grc' dir='ltr'>δὲ</span> <span class='ocrx_word' id='word_1_82' title='bbox 749 3022 804 3082; x_wconf 87' lang='grc' dir='ltr'>τού</span> <span class='ocrx_word' id='word_1_83' title='bbox 836 3019 993 3085; x_wconf 83' lang='grc' dir='ltr'>νεανίσκου</span> <span class='ocrx_word' id='word_1_84' title='bbox 1023 3022 1236 3107; x_wconf 74' lang='grc' dir='ltr'>θαυμάζοντος</span> <span class='ocrx_word' id='word_1_85' title='bbox 1264 3019 1342 3086; x_wconf 80' lang='grc' dir='ltr'>τίνος</span> <span class='ocrx_word' id='word_1_86' title='bbox 1371 3016 1458 3079; x_wconf 81' lang='grc' dir='ltr'>ἕνεκα</span> <span class='ocrx_word' id='word_1_87' title='bbox 1485 3015 1501 3077; x_wconf 92' lang='grc' dir='ltr'>ύ</span> <span class='ocrx_word' id='word_1_88' title='bbox 1529 3015 1625 3098; x_wconf 73' lang='grc' dir='ltr'>πατὴρ</span> <span class='ocrx_word' id='word_1_89' title='bbox 1698 3041 1700 3045; x_wconf 96' lang='grc'><strong><em>·</em></strong></span> 
     </span>
    </p>

    <p class='ocr_par' dir='ltr' id='par_1_4' title="bbox 413 3126 1626 3328">
     <span class='ocr_line' id='line_1_11' title="bbox 413 3126 1626 3220; baseline -0.008 -24"><span class='ocrx_word' id='word_1_90' title='bbox 413 3149 445 3201; x_wconf 85' lang='lat'>10</span> <span class='ocrx_word' id='word_1_91' title='bbox 467 3132 567 3201; x_wconf 88' lang='grc' dir='ltr'>ούτως</span> <span class='ocrx_word' id='word_1_92' title='bbox 589 3132 712 3215; x_wconf 82' lang='grc' dir='ltr'>ἥττηται</span> <span class='ocrx_word' id='word_1_93' title='bbox 734 3134 787 3193; x_wconf 86' lang='grc' dir='ltr'>τοῦ</span> <span class='ocrx_word' id='word_1_94' title='bbox 812 3133 1003 3217; x_wconf 86' lang='grc' dir='ltr'>προίγρατος,</span> <span class='ocrx_word' id='word_1_95' title='bbox 1033 3129 1098 3219; x_wconf 80' lang='grc' dir='ltr'>ἔφη</span> <span class='ocrx_word' id='word_1_96' title='bbox 1117 3136 1133 3197; x_wconf 81' lang='grc' dir='ltr'>ὁ</span> <span class='ocrx_word' id='word_1_97' title='bbox 1155 3131 1322 3220; x_wconf 78' lang='grc' dir='ltr'>πρεσβύτης</span> <span class='ocrx_word' id='word_1_98' title='bbox 1349 3126 1479 3190; x_wconf 82' lang='grc' dir='ltr'>εἶναιτὸ</span> <span class='ocrx_word' id='word_1_99' title='bbox 1502 3129 1626 3210; x_wconf 81' lang='grc' dir='ltr'>πρᾶγμα</span> 
     </span>
     <span class='ocr_line' id='line_1_12' title="bbox 462 3236 1626 3328; baseline -0.009 -20"><span class='ocrx_word' id='word_1_100' title='bbox 462 3245 630 3308; x_wconf 87' lang='grc' dir='ltr'>σπουδαῖον</span> <span class='ocrx_word' id='word_1_101' title='bbox 653 3243 702 3307; x_wconf 85' lang='grc' dir='ltr'>καὶ</span> <span class='ocrx_word' id='word_1_102' title='bbox 726 3243 822 3328; x_wconf 82' lang='grc' dir='ltr'>ἀρχὴν</span> <span class='ocrx_word' id='word_1_103' title='bbox 844 3243 877 3305; x_wconf 87' lang='grc' dir='ltr'>τδ</span> <span class='ocrx_word' id='word_1_104' title='bbox 902 3245 1038 3318; x_wconf 81' lang='grc' dir='ltr'>δικσίξειν.</span> <span class='ocrx_word' id='word_1_105' title='bbox 1076 3246 1092 3308; x_wconf 87' lang='grc' dir='ltr'>ύ</span> <span class='ocrx_word' id='word_1_106' title='bbox 1117 3246 1151 3309; x_wconf 80' lang='grc' dir='ltr'>δὲ</span> <span class='ocrx_word' id='word_1_107' title='bbox 1173 3247 1241 3312; x_wconf 85' lang='grc' dir='ltr'>παῖς</span> <span class='ocrx_word' id='word_1_108' title='bbox 1262 3241 1399 3326; x_wconf 84' lang='grc' dir='ltr'>ἐπειρᾶτο</span> <span class='ocrx_word' id='word_1_109' title='bbox 1421 3238 1474 3307; x_wconf 86' lang='grc' dir='ltr'>τὰς</span> <span class='ocrx_word' id='word_1_110' title='bbox 1495 3236 1626 3320; x_wconf 82' lang='grc' dir='ltr'>ὑποψίας</span> 
     </span>
    </p>
   </div>
   <div class='ocr_carea' id='block_1_3' title="bbox 459 3407 1626 4691">
    <p class='ocr_par' dir='ltr' id='par_1_5' title="bbox 460 3407 1626 3655">
     <span class='ocr_line' id='line_1_13' title="bbox 515 3407 1625 3485; baseline -0.007 -18"><span class='ocrx_word' id='word_1_111' title='bbox 515 3413 700 3482; x_wconf 81' lang='lat' dir='ltr'><strong>Argumentum</strong></span> <span class='ocrx_word' id='word_1_112' title='bbox 718 3414 745 3467; x_wconf 90' lang='lat' dir='ltr'>in</span> <span class='ocrx_word' id='word_1_113' title='bbox 762 3413 918 3478; x_wconf 65' lang='lat' dir='ltr'><strong>Ravennam,</strong></span> <span class='ocrx_word' id='word_1_114' title='bbox 937 3421 965 3467; x_wconf 88' lang='lat' dir='ltr'>ut</span> <span class='ocrx_word' id='word_1_115' title='bbox 982 3414 1022 3467; x_wconf 92' lang='lat' dir='ltr'>In·</span> <span class='ocrx_word' id='word_1_116' title='bbox 1072 3415 1165 3468; x_wconf 74' lang='grc' dir='ltr'>ἑαυτῶι</span> <span class='ocrx_word' id='word_1_117' title='bbox 1187 3414 1223 3485; x_wconf 81' lang='grc' dir='ltr'>μὴ</span> <span class='ocrx_word' id='word_1_118' title='bbox 1240 3412 1402 3485; x_wconf 86' lang='grc' dir='ltr'>προκείμενον</span> <span class='ocrx_word' id='word_1_119' title='bbox 1425 3409 1457 3462; x_wconf 87' lang='lat' dir='ltr'>B.</span> <span class='ocrx_word' id='word_1_120' title='bbox 1478 3422 1528 3461; x_wconf 80' lang='lat' dir='ltr'><strong>sec.</strong></span> <span class='ocrx_word' id='word_1_121' title='bbox 1547 3407 1625 3460; x_wconf 87' lang='lat' dir='ltr'><strong>Bekk.</strong></span> 
     </span>
     <span class='ocr_line' id='line_1_14' title="bbox 460 3493 1626 3571; baseline -0.008 -18"><span class='ocrx_word' id='word_1_122' title='bbox 460 3500 604 3554; x_wconf 82' lang='lat' dir='ltr'><strong>rernizzius</strong></span> <span class='ocrx_word' id='word_1_123' title='bbox 617 3500 722 3563; x_wconf 87' lang='lat' dir='ltr'><strong>monuit,</strong></span> <span class='ocrx_word' id='word_1_124' title='bbox 741 3500 894 3567; x_wconf 55' lang='lat' dir='ltr'><strong>turpissimis</strong></span> <span class='ocrx_word' id='word_1_125' title='bbox 907 3500 1022 3552; x_wconf 86' lang='lat' dir='ltr'><strong>versibus</strong></span> <span class='ocrx_word' id='word_1_126' title='bbox 1070 3500 1236 3571; x_wconf 82' lang='grc' dir='ltr'>προκειμένης</span> <span class='ocrx_word' id='word_1_127' title='bbox 1263 3514 1327 3552; x_wconf 83' lang='lat' dir='ltr'><strong>eom.</strong></span> <span class='ocrx_word' id='word_1_128' title='bbox 1354 3497 1429 3550; x_wconf 87' lang='lat' dir='ltr'><strong>Kust.</strong></span> <span class='ocrx_word' id='word_1_129' title='bbox 1454 3493 1626 3567; x_wconf 84' lang='grc' dir='ltr'>περικειμένης</span> 
     </span>
     <span class='ocr_line' id='line_1_15' title="bbox 461 3584 1249 3655; baseline -0.001 -14"><span class='ocrx_word' id='word_1_130' title='bbox 461 3588 586 3654; x_wconf 84' lang='lat' dir='ltr'><strong>scripturn</strong></span> <span class='ocrx_word' id='word_1_131' title='bbox 612 3588 709 3651; x_wconf 56' lang='grc' dir='ltr'>εκείνη</span> <span class='ocrx_word' id='word_1_132' title='bbox 735 3584 802 3637; x_wconf 88' lang='lat' dir='ltr'><strong>idem</strong></span> <span class='ocrx_word' id='word_1_133' title='bbox 828 3586 854 3637; x_wconf 93' lang='lat' dir='ltr'>in</span> <span class='ocrx_word' id='word_1_134' title='bbox 876 3584 974 3638; x_wconf 87' lang='lat' dir='ltr'><strong>Veneto</strong></span> <span class='ocrx_word' id='word_1_135' title='bbox 996 3589 1022 3638; x_wconf 90' lang='lat' dir='ltr'>et</span> <span class='ocrx_word' id='word_1_136' title='bbox 1071 3591 1146 3640; x_wconf 83' lang='lat' dir='ltr'><strong>antea</strong></span> <span class='ocrx_word' id='word_1_137' title='bbox 1164 3586 1249 3655; x_wconf 77' lang='lat' dir='ltr'><strong>vulgo,</strong></span> 
     </span>
    </p>

    <p class='ocr_par' dir='ltr' id='par_1_6' title="bbox 459 3663 1626 3998">
     <span class='ocr_line' id='line_1_16' title="bbox 459 3663 1625 3739; baseline -0.004 -15"><span class='ocrx_word' id='word_1_138' title='bbox 459 3671 624 3725; x_wconf 81' lang='lat' dir='ltr'><strong>Brunekiano</strong></span> <span class='ocrx_word' id='word_1_139' title='bbox 643 3670 671 3725; x_wconf 80' lang='lat' dir='ltr'>O.</span> <span class='ocrx_word' id='word_1_140' title='bbox 683 3670 721 3722; x_wconf 88' lang='lat' dir='ltr'>De</span> <span class='ocrx_word' id='word_1_141' title='bbox 739 3665 779 3722; x_wconf 92' lang='grc' dir='ltr'>ΓΔ</span> <span class='ocrx_word' id='word_1_142' title='bbox 799 3674 885 3723; x_wconf 81' lang='lat' dir='ltr'><strong>tacent</strong></span> <span class='ocrx_word' id='word_1_143' title='bbox 903 3670 1021 3724; x_wconf 84' lang='lat' dir='ltr'>editores.</span> <span class='ocrx_word' id='word_1_144' title='bbox 1122 3671 1183 3725; x_wconf 86' lang='lat' dir='ltr'>ibid.</span> <span class='ocrx_word' id='word_1_145' title='bbox 1219 3670 1297 3724; x_wconf 74' lang='grc' dir='ltr'>αὐτοῦ</span> <span class='ocrx_word' id='word_1_146' title='bbox 1318 3673 1377 3721; x_wconf 82' lang='lat' dir='ltr'><strong>ante</strong></span> <span class='ocrx_word' id='word_1_147' title='bbox 1399 3663 1487 3739; x_wconf 74' lang='grc' dir='ltr'>σφηξὶν</span> <span class='ocrx_word' id='word_1_148' title='bbox 1510 3667 1541 3719; x_wconf 87' lang='lat' dir='ltr'>R.</span> <span class='ocrx_word' id='word_1_149' title='bbox 1568 3665 1625 3719; x_wconf 86' lang='lat' dir='ltr'><strong>Ald.</strong></span> 
     </span>
     <span class='ocr_line' id='line_1_17' title="bbox 459 3751 1626 3825; baseline -0.007 -14"><span class='ocrx_word' id='word_1_150' title='bbox 459 3759 501 3811; x_wconf 82' lang='lat' dir='ltr'>lix</span> <span class='ocrx_word' id='word_1_151' title='bbox 524 3757 656 3825; x_wconf 85' lang='lat' dir='ltr'><strong>impressis</strong></span> <span class='ocrx_word' id='word_1_152' title='bbox 678 3756 746 3809; x_wconf 86' lang='lat' dir='ltr'><strong>idem</strong></span> <span class='ocrx_word' id='word_1_153' title='bbox 768 3756 898 3810; x_wconf 82' lang='lat' dir='ltr'><strong>continent</strong></span> <span class='ocrx_word' id='word_1_154' title='bbox 919 3756 1022 3820; x_wconf 84' lang='lat' dir='ltr'><strong>Aldina,</strong></span> <span class='ocrx_word' id='word_1_155' title='bbox 1070 3759 1124 3812; x_wconf 85' lang='lat' dir='ltr'><strong>Inr.</strong></span> <span class='ocrx_word' id='word_1_156' title='bbox 1138 3758 1218 3811; x_wconf 86' lang='lat' dir='ltr'><strong>Bekk.</strong></span> <span class='ocrx_word' id='word_1_157' title='bbox 1236 3758 1289 3811; x_wconf 89' lang='lat' dir='ltr'><strong>sch.</strong></span> <span class='ocrx_word' id='word_1_158' title='bbox 1300 3757 1382 3810; x_wconf 87' lang='lat' dir='ltr'><strong>Paris.</strong></span> <span class='ocrx_word' id='word_1_159' title='bbox 1398 3752 1474 3807; x_wconf 90' lang='lat' dir='ltr'><strong>Dind.</strong></span> <span class='ocrx_word' id='word_1_160' title='bbox 1492 3754 1519 3805; x_wconf 93' lang='lat' dir='ltr'>in</span> <span class='ocrx_word' id='word_1_161' title='bbox 1536 3751 1626 3814; x_wconf 76' lang='lat' dir='ltr'><strong>Onon,</strong></span> 
     </span>
     <span class='ocr_line' id='line_1_18' title="bbox 459 3828 1625 3906; baseline -0.007 -10"><span class='ocrx_word' id='word_1_162' title='bbox 459 3844 576 3906; x_wconf 87' lang='lat' dir='ltr'><strong>Iuntina,</strong></span> <span class='ocrx_word' id='word_1_163' title='bbox 595 3842 765 3906; x_wconf 82' lang='lat' dir='ltr'><strong>Frobeniana‚</strong></span> <span class='ocrx_word' id='word_1_164' title='bbox 784 3842 952 3906; x_wconf 69' lang='lat' dir='ltr'><strong>(immensis,</strong></span> <span class='ocrx_word' id='word_1_165' title='bbox 969 3842 1022 3894; x_wconf 87' lang='lat' dir='ltr'>Ku·</span> <span class='ocrx_word' id='word_1_166' title='bbox 1071 3859 1120 3898; x_wconf 87' lang='lat' dir='ltr'>om.</span> <span class='ocrx_word' id='word_1_167' title='bbox 1145 3844 1211 3897; x_wconf 88' lang='lat' dir='ltr'><strong>lunt.</strong></span> <span class='ocrx_word' id='word_1_168' title='bbox 1235 3843 1309 3897; x_wconf 80' lang='lat' dir='ltr'><strong>Freb.</strong></span> <span class='ocrx_word' id='word_1_169' title='bbox 1331 3842 1405 3894; x_wconf 86' lang='lat' dir='ltr'><strong>Kust.</strong></span> <span class='ocrx_word' id='word_1_170' title='bbox 1423 3828 1532 3893; x_wconf 59' lang='lat' dir='ltr'><strong>Brunek&#39;.</strong></span> <span class='ocrx_word' id='word_1_171' title='bbox 1551 3837 1625 3890; x_wconf 87' lang='lat' dir='ltr'><strong>Dind.</strong></span> 
     </span>
     <span class='ocr_line' id='line_1_19' title="bbox 459 3928 1184 3998; baseline -0.001 -15"><span class='ocrx_word' id='word_1_172' title='bbox 459 3930 583 3992; x_wconf 83' lang='lat' dir='ltr'><strong>steriana,</strong></span> <span class='ocrx_word' id='word_1_173' title='bbox 601 3929 768 3992; x_wconf 80' lang='lat' dir='ltr'><strong>recentiores,</strong></span> <span class='ocrx_word' id='word_1_174' title='bbox 786 3932 893 3995; x_wconf 77' lang='lat' dir='ltr'><strong>excepta</strong></span> <span class='ocrx_word' id='word_1_175' title='bbox 910 3928 1022 3981; x_wconf 83' lang='lat' dir='ltr'><strong>Hirschi·</strong></span> <span class='ocrx_word' id='word_1_176' title='bbox 1070 3932 1097 3982; x_wconf 93' lang='lat' dir='ltr'>in</span> <span class='ocrx_word' id='word_1_177' title='bbox 1114 3930 1184 3998; x_wconf 90' lang='lat' dir='ltr'><strong>Lips.</strong></span> 
     </span>
    </p>

    <p class='ocr_par' dir='ltr' id='par_1_7' title="bbox 460 4010 1626 4084">
     <span class='ocr_line' id='line_1_20' title="bbox 460 4010 1626 4084; baseline -0.006 -18"><span class='ocrx_word' id='word_1_178' title='bbox 460 4016 544 4084; x_wconf 86' lang='lat' dir='ltr'><strong>giana.</strong></span> <span class='ocrx_word' id='word_1_179' title='bbox 1122 4032 1146 4068; x_wconf 89' lang='lat' dir='ltr'>r.</span> <span class='ocrx_word' id='word_1_180' title='bbox 1165 4015 1189 4069; x_wconf 88' lang='grc'>6.</span> <span class='ocrx_word' id='word_1_181' title='bbox 1225 4014 1329 4072; x_wconf 73' lang='grc' dir='ltr'>ἑαυτοὺς</span> <span class='ocrx_word' id='word_1_182' title='bbox 1350 4013 1418 4077; x_wconf 74' lang='lat' dir='ltr'><strong>Iun,</strong></span> <span class='ocrx_word' id='word_1_183' title='bbox 1439 4010 1530 4068; x_wconf 80' lang='grc' dir='ltr'>αύτούς</span> <span class='ocrx_word' id='word_1_184' title='bbox 1551 4013 1626 4062; x_wconf 82' lang='lat' dir='ltr'><strong>antea</strong></span> 
     </span>
    </p>

    <p class='ocr_par' dir='ltr' id='par_1_8' title="bbox 460 4098 1515 4259">
     <span class='ocr_line' id='line_1_21' title="bbox 513 4098 1155 4172; baseline 0.002 -20"><span class='ocrx_word' id='word_1_185' title='bbox 513 4116 536 4152; x_wconf 82' lang='grc' dir='ltr'>ν.</span> <span class='ocrx_word' id='word_1_186' title='bbox 558 4100 579 4153; x_wconf 94' lang='lat' dir='ltr'>l.</span> <span class='ocrx_word' id='word_1_187' title='bbox 615 4098 743 4172; x_wconf 74' lang='grc' dir='ltr'>φιλόδικος</span> <span class='ocrx_word' id='word_1_188' title='bbox 755 4099 785 4151; x_wconf 89' lang='lat' dir='ltr'>R.</span> <span class='ocrx_word' id='word_1_189' title='bbox 800 4100 830 4151; x_wconf 90' lang='lat' dir='ltr'>V.</span> <span class='ocrx_word' id='word_1_190' title='bbox 844 4099 1021 4172; x_wconf 81' lang='grc' dir='ltr'>φιλοδικαστής</span> <span class='ocrx_word' id='word_1_191' title='bbox 1070 4101 1155 4170; x_wconf 76' lang='lat' dir='ltr'><strong>vulgo,</strong></span> 
     </span>
     <span class='ocr_line' id='line_1_22' title="bbox 460 4182 1515 4259; baseline -0.003 -21"><span class='ocrx_word' id='word_1_192' title='bbox 460 4189 521 4238; x_wconf 81' lang='lat' dir='ltr'><strong>ante</strong></span> <span class='ocrx_word' id='word_1_193' title='bbox 537 4184 635 4239; x_wconf 78' lang='lat' dir='ltr'><strong>Invern.</strong></span> <span class='ocrx_word' id='word_1_194' title='bbox 654 4186 739 4254; x_wconf 80' lang='lat' dir='ltr'><strong>vulgo,</strong></span> <span class='ocrx_word' id='word_1_195' title='bbox 1121 4204 1146 4246; x_wconf 82' lang='grc' dir='ltr'>ν,</span> <span class='ocrx_word' id='word_1_196' title='bbox 1163 4185 1187 4240; x_wconf 87' lang='grc'>8.</span> <span class='ocrx_word' id='word_1_197' title='bbox 1222 4186 1300 4259; x_wconf 66' lang='grc' dir='ltr'>ἤνυον</span> <span class='ocrx_word' id='word_1_198' title='bbox 1318 4186 1349 4239; x_wconf 84' lang='lat' dir='ltr'>B.</span> <span class='ocrx_word' id='word_1_199' title='bbox 1367 4200 1418 4240; x_wconf 82' lang='lat' dir='ltr'><strong>sec.</strong></span> <span class='ocrx_word' id='word_1_200' title='bbox 1435 4182 1515 4252; x_wconf 80' lang='lat' dir='ltr'><strong>Bekk.</strong></span> 
     </span>
    </p>

    <p class='ocr_par' dir='ltr' id='par_1_9' title="bbox 459 4265 1625 4432">
     <span class='ocr_line' id='line_1_23' title="bbox 513 4265 1625 4343; baseline -0.006 -21"><span class='ocrx_word' id='word_1_201' title='bbox 513 4270 574 4325; x_wconf 92' lang='lat' dir='ltr'><strong>ibid.</strong></span> <span class='ocrx_word' id='word_1_202' title='bbox 601 4273 656 4343; x_wconf 84' lang='grc' dir='ltr'>περὶ</span> <span class='ocrx_word' id='word_1_203' title='bbox 672 4271 705 4324; x_wconf 84' lang='grc' dir='ltr'>τὰ</span> <span class='ocrx_word' id='word_1_204' title='bbox 723 4270 771 4324; x_wconf 87' lang='grc' dir='ltr'>δικ.</span> <span class='ocrx_word' id='word_1_205' title='bbox 789 4271 820 4324; x_wconf 86' lang='lat' dir='ltr'>R.</span> <span class='ocrx_word' id='word_1_206' title='bbox 842 4269 874 4325; x_wconf 85' lang='lat' dir='ltr'>V.</span> <span class='ocrx_word' id='word_1_207' title='bbox 891 4270 958 4335; x_wconf 71' lang='lat' dir='ltr'><strong>Irin,</strong></span> <span class='ocrx_word' id='word_1_208' title='bbox 977 4287 1020 4323; x_wconf 84' lang='lat' dir='ltr'>an·</span> <span class='ocrx_word' id='word_1_209' title='bbox 1115 4290 1140 4328; x_wconf 83' lang='lat' dir='ltr'>r.</span> <span class='ocrx_word' id='word_1_210' title='bbox 1155 4273 1194 4327; x_wconf 92' lang='lat'>10.</span> <span class='ocrx_word' id='word_1_211' title='bbox 1224 4273 1286 4326; x_wconf 77' lang='grc' dir='ltr'>εἶναι</span> <span class='ocrx_word' id='word_1_212' title='bbox 1297 4277 1355 4325; x_wconf 84' lang='lat' dir='ltr'><strong>ante</strong></span> <span class='ocrx_word' id='word_1_213' title='bbox 1371 4270 1400 4323; x_wconf 84' lang='grc' dir='ltr'>τὸ</span> <span class='ocrx_word' id='word_1_214' title='bbox 1412 4289 1454 4340; x_wconf 88' lang='grc' dir='ltr'>πρ.</span> <span class='ocrx_word' id='word_1_215' title='bbox 1467 4284 1516 4322; x_wconf 86' lang='lat' dir='ltr'>om.</span> <span class='ocrx_word' id='word_1_216' title='bbox 1530 4268 1559 4318; x_wconf 88' lang='lat' dir='ltr'>B.</span> <span class='ocrx_word' id='word_1_217' title='bbox 1572 4265 1625 4317; x_wconf 86' lang='lat' dir='ltr'><strong>Inr.</strong></span> 
     </span>
     <span class='ocr_line' id='line_1_24' title="bbox 459 4352 1625 4432; baseline -0.012 -16"><span class='ocrx_word' id='word_1_218' title='bbox 459 4362 503 4410; x_wconf 75' lang='lat' dir='ltr'>tea</span> <span class='ocrx_word' id='word_1_219' title='bbox 521 4356 555 4416; x_wconf 70' lang='grc' dir='ltr'>εἰς</span> <span class='ocrx_word' id='word_1_220' title='bbox 573 4356 622 4410; x_wconf 73' lang='grc' dir='ltr'>δικ.</span> <span class='ocrx_word' id='word_1_221' title='bbox 880 4368 884 4374; x_wconf 86' lang='grc'><em>’</em></span> <span class='ocrx_word' id='word_1_222' title='bbox 1071 4359 1101 4412; x_wconf 83' lang='grc' dir='ltr'>τὸ</span> <span class='ocrx_word' id='word_1_223' title='bbox 1123 4365 1227 4432; x_wconf 80' lang='grc' dir='ltr'>πρᾶγμα</span> <span class='ocrx_word' id='word_1_224' title='bbox 1248 4358 1310 4411; x_wconf 82' lang='grc' dir='ltr'>εἶναι</span> <span class='ocrx_word' id='word_1_225' title='bbox 1330 4356 1418 4410; x_wconf 85' lang='lat' dir='ltr'><strong>scholi.</strong></span> <span class='ocrx_word' id='word_1_226' title='bbox 1435 4355 1515 4408; x_wconf 83' lang='lat' dir='ltr'><strong>Paris.</strong></span> <span class='ocrx_word' id='word_1_227' title='bbox 1533 4352 1625 4419; x_wconf 82' lang='lat' dir='ltr'><strong>Bergk.</strong></span> 
     </span>
    </p>

    <p class='ocr_par' dir='ltr' id='par_1_10' title="bbox 461 4436 1626 4599">
     <span class='ocr_line' id='line_1_25' title="bbox 514 4436 1626 4518; baseline -0.006 -24"><span class='ocrx_word' id='word_1_228' title='bbox 514 4458 538 4494; x_wconf 89' lang='grc' dir='ltr'>ν.</span> <span class='ocrx_word' id='word_1_229' title='bbox 558 4441 582 4496; x_wconf 92' lang='grc'>3.</span> <span class='ocrx_word' id='word_1_230' title='bbox 617 4441 719 4496; x_wconf 85' lang='grc' dir='ltr'>παύσειν</span> <span class='ocrx_word' id='word_1_231' title='bbox 734 4443 765 4496; x_wconf 91' lang='lat' dir='ltr'>R.</span> <span class='ocrx_word' id='word_1_232' title='bbox 784 4443 868 4511; x_wconf 78' lang='lat' dir='ltr'><strong>vulgo,</strong></span> <span class='ocrx_word' id='word_1_233' title='bbox 885 4441 971 4496; x_wconf 84' lang='grc' dir='ltr'>παύειν</span> <span class='ocrx_word' id='word_1_234' title='bbox 990 4442 1021 4496; x_wconf 86' lang='lat' dir='ltr'>V.</span> <span class='ocrx_word' id='word_1_235' title='bbox 1112 4462 1136 4498; x_wconf 84' lang='lat' dir='ltr'>v.</span> <span class='ocrx_word' id='word_1_236' title='bbox 1151 4446 1190 4500; x_wconf 90' lang='lat' dir='ltr'>ll.</span> <span class='ocrx_word' id='word_1_237' title='bbox 1212 4443 1302 4518; x_wconf 82' lang='grc' dir='ltr'>σχεδὸν</span> <span class='ocrx_word' id='word_1_238' title='bbox 1312 4460 1361 4496; x_wconf 87' lang='lat' dir='ltr'>om.</span> <span class='ocrx_word' id='word_1_239' title='bbox 1373 4443 1402 4495; x_wconf 87' lang='lat' dir='ltr'>R.</span> <span class='ocrx_word' id='word_1_240' title='bbox 1412 4439 1526 4507; x_wconf 79' lang='lat' dir='ltr'><strong>Inv.‚qui</strong></span> <span class='ocrx_word' id='word_1_241' title='bbox 1536 4436 1626 4510; x_wconf 74' lang='grc' dir='ltr'>ἀρχὴν,</span> 
     </span>
     <span class='ocr_line' id='line_1_26' title="bbox 461 4524 1625 4599; baseline -0.006 -18"><span class='ocrx_word' id='word_1_242' title='bbox 461 4526 538 4581; x_wconf 89' lang='lat' dir='ltr'><strong>Dind.</strong></span> <span class='ocrx_word' id='word_1_243' title='bbox 557 4527 651 4598; x_wconf 80' lang='lat' dir='ltr'><strong>Bergk.</strong></span> <span class='ocrx_word' id='word_1_244' title='bbox 669 4531 763 4582; x_wconf 83' lang='grc' dir='ltr'>παῦσαι</span> <span class='ocrx_word' id='word_1_245' title='bbox 780 4529 855 4582; x_wconf 87' lang='lat' dir='ltr'><strong>Kust.</strong></span> <span class='ocrx_word' id='word_1_246' title='bbox 872 4528 982 4582; x_wconf 83' lang='lat' dir='ltr'><strong>Brunek.</strong></span> <span class='ocrx_word' id='word_1_247' title='bbox 1073 4531 1141 4599; x_wconf 86' lang='lat' dir='ltr'>quod</span> <span class='ocrx_word' id='word_1_248' title='bbox 1158 4540 1209 4585; x_wconf 84' lang='lat' dir='ltr'><strong>rec.</strong></span> <span class='ocrx_word' id='word_1_249' title='bbox 1226 4530 1302 4597; x_wconf 84' lang='lat' dir='ltr'><strong>Dind.</strong></span> <span class='ocrx_word' id='word_1_250' title='bbox 1319 4529 1346 4580; x_wconf 93' lang='lat' dir='ltr'>in</span> <span class='ocrx_word' id='word_1_251' title='bbox 1365 4526 1446 4580; x_wconf 85' lang='lat' dir='ltr'><strong>Oxon.</strong></span> <span class='ocrx_word' id='word_1_252' title='bbox 1457 4524 1549 4594; x_wconf 82' lang='lat' dir='ltr'><strong>Bergk.</strong></span> <span class='ocrx_word' id='word_1_253' title='bbox 1568 4541 1625 4596; x_wconf 78' lang='grc' dir='ltr'>σχε-</span> 
     </span>
    </p>

    <p class='ocr_par' dir='ltr' id='par_1_11' title="bbox 515 4614 1318 4691">
     <span class='ocr_line' id='line_1_27' title="bbox 515 4614 1318 4691; baseline 0.002 -25"><span class='ocrx_word' id='word_1_254' title='bbox 515 4631 539 4668; x_wconf 85' lang='grc' dir='ltr'>ν.</span> <span class='ocrx_word' id='word_1_255' title='bbox 563 4614 588 4668; x_wconf 81' lang='grc'>5.</span> <span class='ocrx_word' id='word_1_256' title='bbox 634 4615 799 4687; x_wconf 77' lang='grc' dir='ltr'>προκειμένου</span> <span class='ocrx_word' id='word_1_257' title='bbox 828 4615 859 4668; x_wconf 86' lang='lat' dir='ltr'>R.</span> <span class='ocrx_word' id='word_1_258' title='bbox 889 4630 939 4668; x_wconf 86' lang='lat' dir='ltr'><strong>sec.</strong></span> <span class='ocrx_word' id='word_1_259' title='bbox 968 4615 1022 4669; x_wconf 80' lang='lat' dir='ltr'><strong>Inr.</strong></span> <span class='ocrx_word' id='word_1_260' title='bbox 1072 4617 1115 4670; x_wconf 83' lang='grc' dir='ltr'>δὸν</span> <span class='ocrx_word' id='word_1_261' title='bbox 1134 4616 1216 4691; x_wconf 81' lang='grc' dir='ltr'>ἀρχῆς</span> <span class='ocrx_word' id='word_1_262' title='bbox 1233 4616 1318 4685; x_wconf 75' lang='lat' dir='ltr'><strong>vulgo.</strong></span> 
     </span>
    </p>
   </div>
   <div class='ocr_carea' id='block_1_4' title="bbox 0 0 2246 5467">
    <p class='ocr_par' dir='ltr' id='par_1_12' title="bbox 0 0 2246 5467">
     <span class='ocr_line' id='line_1_28' title="bbox 0 0 2246 5467; baseline 0 0"><span class='ocrx_word' id='word_1_263' title='bbox 0 0 2246 5467; x_wconf 95' lang='lat' dir='ltr'> </span> 
     </span>
    </p>
   </div>
  </div>
 </body>
</html>
