4484 5467
1013 624 1208 683 ΣΦΗΚΕΣ

1008 796 1216 856 ΦΙΛΟΚΛΕΩΝ.

687 894 829 961 Αἴσωπον
854 896 913 960 ἀπὸ
936 896 1058 961 δείπνου
1082 896 1238 983 βαδίζονθ’
1264 896 1405 981 ἑσπέρας·

687 1009 813 1094 θρασεῖα
835 1008 884 1071 καὶ
903 1006 1025 1091 μεθύση
1047 1031 1089 1078 τις
1113 1008 1231 1072 ὑλάκτει
1252 1008 1344 1095 κῦων.

689 1117 803 1182 κᾶπειτ’
828 1117 1063 1189 ἐκεῖνοςέἶπεν·
1087 1118 1112 1180 ὦ
1135 1118 1218 1196 κύον,
1240 1119 1323 1197 κύον,

689 1231 715 1293 εἰ
736 1232 771 1315 νὴ
793 1228 840 1294 Δί’
866 1230 928 1293 ἀντὶ
949 1233 1004 1313 τῆς
1024 1234 1122 1316 κακῆς
1143 1232 1276 1315 γλώττης
1298 1232 1392 1294 ποδὲν

589 1357 599 1369 “
690 1340 804 1427 πυροῦς
826 1340 938 1426 πρίαιο,
962 1344 1126 1427 σωφρονεῖν
1149 1340 1184 1405 ἄν
1210 1365 1262 1424 μοι
1283 1344 1392 1413 δοκεῖς.
1434 1407 1439 1415 ,

1011 1463 1213 1523 ΑΡΤΟΠΩΛΙΣ.

691 1566 739 1629 καὶ
759 1567 925 1649 καταγελᾷς
948 1584 1023 1646 μου;
1046 1565 1282 1650 προσκαλοῦμαί
1303 1564 1346 1641 α’,
1369 1564 1449 1636 ὅστις
1470 1566 1508 1644 εἶ,

691 1677 765 1762 πρὸς
786 1676 857 1747 τοῦς
879 1673 1089 1760 ἀγορανόμους
1105 1677 1226 1761 βλάβης
1247 1679 1307 1739 τῶν
1329 1678 1470 1763 φορτίων,
1501 1739 1504 1744 ,

690 1788 818 1875 κλητῆρ’
844 1788 961 1875 ἔχουσα
982 1785 1182 1872 Χαιρεφῶντα
1203 1789 1330 1852 τουτονί.
1590 1775 1593 1781 ’

570 2070 593 2104 v.
608 2054 681 2106 1401.
717 2048 836 2107 Αἴσωπον
853 2053 1012 2123 proponebat
1028 2051 1120 2120 Bergk.
1155 2050 1257 2106 ἄσωτον
1275 2052 1307 2107 V.
1325 2068 1346 2105 s.
1365 2051 1427 2106 Gob.

571 2153 594 2189 v.
609 2138 683 2190 1402.
719 2136 823 2191 ὐλακτεῖ
838 2138 870 2192 V.
888 2152 908 2190 s.
927 2137 991 2194 Oob.

571 2238 594 2274 v.
608 2220 682 2275 1405.
716 2222 797 2281 δοκεῖς
815 2222 845 2275 R.
864 2221 896 2275 V.
914 2220 976 2274 Ald.
995 2221 1061 2275 lunt.
1085 2222 1161 2276 Kust.
1183 2222 1237 2281 Inv.
1255 2222 1333 2278 Beklr.
1351 2224 1478 2291 ffirsohig.
1512 2224 1596 2282 δοκοῖς
1613 2223 1643 2276 Β.
1661 2219 1691 2275 Δ.

606 2307 678 2361 Suid.
691 2324 712 2362 s,
725 2325 748 2362 ν.
775 2303 893 2366 Αἴσωπος
910 2306 999 2380 (δοκῇς
1011 2306 1039 2360 G.
1053 2307 1125 2361 Suid.
1137 2324 1158 2361 s.
1170 2324 1194 2359 τ.
1212 2305 1321 2381 ρεδῦση)
1338 2310 1449 2363 Brunolr.
1467 2310 1542 2363 Dind.
1555 2309 1646 2376 Bergk.
1659 2338 1693 2345 —

610 2395 678 2449 Flor.
697 2395 756 2448 Chr.
775 2412 817 2463 μοι
839 2392 938 2458 δοκεῖς,
956 2392 1039 2453 δοκοῖς
1057 2394 1133 2446 etiam
1151 2394 1234 2448 Bentl.
1251 2398 1290 2459 et,
1312 2399 1341 2447 ut
1362 2396 1421 2459 vid„
1438 2396 1543 2449 Porsen.
1562 2394 1693 2463 μοῦδόκεις

605 2482 767 2551 proponebat
788 2480 891 2548 Bergk„
915 2479 984 2548 quod
1005 2479 1055 2531 diei
1078 2494 1129 2534 non
1150 2483 1250 2548 potest,
1266 2479 1434 2549 praecedente
1451 2482 1571 2550 optativo.
1608 2481 1694 2533 Sanis-

606 2568 698 2621 simnm
721 2570 761 2619 est
782 2564 877 2631 δοκεῖς,
899 2583 958 2619 narn
980 2570 1117 2638 σωφρονεῖν
1141 2563 1172 2617 ἂν
1190 2564 1272 2627 δοκεῖς
1288 2570 1328 2620 est
1346 2566 1502 2640 σωφρονοίης
1519 2553 1562 2631 ἄν’,
1580 2566 1612 2620 of.
1631 2565 1692 2619 Gob.

589 2896 613 2933 τ.
634 2874 709 2929 1402.
745 2861 857 2947 μεδῦσηι
876 2870 986 2943 paeone<
1005 2878 1031 2927 et
1050 2892 1093 2943 pt·
1144 2875 1218 2944 σμίας
1234 2876 1335 2929 καὶτοῦ
1352 2875 1468 2948 ἀψευδεῖν
1486 2875 1523 2945 μὴ
1541 2874 1619 2944 μόνον
1637 2876 1695 2933 τοὺς

542 2962 603 3037 δῦση
622 2963 654 3016 de
672 2962 778 3015 muliere
794 2960 933 3014 temulente
951 2959 1001 3012 dioi
1013 2960 1095 3013 solere
1143 2962 1328 3033 πιπράσκοντας
1350 2962 1416 3016 ἀλλὰ
1438 2962 1482 3014 καὶ
1504 2960 1563 3019 τοῦς
1580 2960 1695 3029 ὠνουμέ-

542 3054 618 3103 testes
650 3051 711 3101 sunt
736 3047 827 3101 Pollux
853 3046 901 3110 VI,
925 3043 967 3098 25.
993 3044 1031 3110 ΙΙ,
1054 3045 1095 3099 18.
1143 3064 1211 3106 νους.
1250 3046 1320 3100 Idem
1343 3062 1363 3100 e.
1386 3063 1409 3100 ν.
1432 3046 1598 3119 ἀγορανόμου
1620 3047 1643 3098 οῖ
1663 3048 1695 3098 τὰ

543 3133 702 3203 Phrynichus
719 3132 828 3185 Bekkeri
845 3130 979 3199 105136.
1001 3130 1095 3199 Phryn.
1143 3133 1212 3185 κατὰ
1228 3136 1276 3202 τῆν
1294 3132 1386 3204 ἀγορὰν
1404 3131 1468 3185 ὤνια
1486 3132 1635 3192 διοικοῦντες
1653 3132 1696 3203 ἄρ·

544 3222 652 3275 Lobeok.
671 3236 697 3287 p.
717 3217 774 3272 151.
793 3217 830 3271 cf.
850 3216 917 3271 Nub.
935 3214 994 3272 555.
1020 3217 1095 3271 Mein.
1145 3236 1242 3291 χονττς.
1258 3247 1297 3257 ›-
1323 3214 1499 3289 Ἀριστοτέλης
1521 3217 1542 3270 δ’
1569 3218 1594 3270 ἐν
1617 3212 1695 3289 ’Aep-

542 3308 569 3361 0.
587 3306 624 3360 IV
650 3322 674 3374 p.
693 3304 736 3357 89.
757 3303 849 3372 Bergk.
868 3302 924 3355 Rel.
942 3302 970 3355 0.
993 3320 1018 3371 p.
1037 3302 1096 3361 410.
1145 3304 1223 3357 ναίων
1246 3303 1359 3375 πολιτείην
1379 3304 1504 3368 (Muelleri
1524 3305 1614 3373 fragm.
1637 3304 1696 3356 hist.

590 3428 614 3463 v.
635 3406 709 3461 1405.
745 3404 851 3477 πυροῦςι
869 3405 923 3459 soil.
941 3408 971 3457 ut
987 3404 1097 3473 panibus
1146 3390 1170 3443 ῙῙ
1186 3408 1213 3459 P·
1227 3390 1275 3443 119
1292 3392 1342 3459 80)
1359 3387 1518 3463 thponotot
1535 3408 1596 3462 φησί
1612 3394 1632 3443 ἕ
1651 3389 1696 3458 pen

546 3494 677 3563 pinsendis
705 3492 825 3545 damnum
848 3491 980 3544 resarcias.
1020 3490 1099 3544 Vetat
1148 3473 1302 3548 ‘sfssflpffl
1319 3478 1340 3529 θ’
1362 3475 1388 3530 δὲ
1406 3474 1440 3535 εἷς
1458 3476 1529 3529 ἇπῠ·
1557 3476 1697 3529 Numerum

545 3582 622 3651 igitur
634 3579 766 3649 panariam
784 3578 863 3631 rtxnri
875 3576 1027 3644 domumque
1041 3590 1097 3628 enm
1147 3566 1231 3615 ῑΰθῒῑῑῐ
1243 3562 1354 3616 Βθθθδῑῑ·
1372 3561 1399 3616 G·
1412 3562 1431 3615 Ῑ·
1444 3563 1456 3615 Ῑ
1468 3578 1491 3630 P·
1506 3561 1556 3614 337
1568 3557 1599 3613 Β·
1622 3561 1698 3613 Ρῐὲθ·

543 3668 653 3735 ηηγθὲηγ,
1089 3684 1092 3690 -
1146 3652 1217 3716 terea
1243 3648 1275 3701 of.
1297 3648 1406 3702 Boookh.
1433 3648 1545 3701 Steatsh.
1567 3646 1580 3700 I
1607 3664 1632 3716 p.
1656 3647 1697 3701 52.

594 3770 624 3806 v.
639 3751 713 3804 troo.
753 3746 821 3809 ταις
847 3747 880 3801 επ
909 3748 969 3800 non
997 3747 1097 3799 fabulas
1147 3734 1264 3788 sennem.
1281 3734 1335 3787 Att
1352 3734 1426 3787 rme.
1444 3750 1470 3801 r·
1487 3732 1521 3787 89
1538 3749 1593 3801 seo·
1611 3734 1697 3801 Antie-

545 3854 639 3893 narres.
675 3835 800 3904 Exempla
817 3834 919 3901 collegit
935 3833 1033 3887 Honor.
1050 3832 1098 3887 Ex.
1147 3837 1172 3887 1)·
1196 3820 1254 3874 247·
1288 3820 1326 3872 De
1349 3818 1451 3891 βλάβης
1467 3818 1525 3892 35²3]
1547 3819 1622 3873 eund.
1645 3819 1697 3871 Mt·

544 3940 577 3978 or.
596 3941 622 3992 p.
642 3919 700 3975 14'4.
735 3922 773 3973 De
796 3920 957 3989 agoranomis
980 3918 1098 3986 exposuit
1148 3906 1220 3960 P100·
1239 3922 1264 3973 1)·
1283 3905 1333 3958 477
1352 3920 1389 3973 80·

545 4010 636 4079 Bergk.
656 4007 711 4061 Rel.
730 4006 758 4059 0.
776 4022 802 4075 p.
823 4006 862 4057 17.
896 4004 981 4057 schol.
999 4007 1098 4057 tantum
1199 4008 1316 4062 ν.1408.
1348 4008 1469 4081 κλητῆρί
1488 4025 1554 4072 nam,
1571 4011 1600 4060 ut
1615 4006 1699 4059 Eubu-

545 4096 668 4165 explioat:
695 4093 753 4150 τοῦς
779 4091 975 4149 ἐπισκοποῦντας
996 4089 1031 4141 τὰ
1051 4092 1098 4160 τῆς
1147 4091 1699 4165 Ιαεαὶῖῖ,1,,ὁδ’ὄγδοσςβρατὴρῃλη-

545 4180 643 4239 πόλεως
663 4177 727 4231 ὤνια
744 4178 787 4229 καὶ
798 4177 954 4236 διοικοῦντος
971 4175 1044 4241 αὐτά,
1062 4175 1098 4235 ὡς
1148 4183 1232 4250 τῆρος.
1263 4179 1347 4234 Schol.
1371 4179 1415 4232 τὸν
1439 4180 1472 4239 εἰς
1494 4178 1523 4231 τὸ
1542 4177 1699 4247 δικαστήριον

546 4266 569 4319 ἐν
584 4261 753 4338 Ἀχαρνεῦσιν
772 4264 806 4325 (ν.
820 4262 888 4327 728).
906 4263 1097 4331 Hermonem
1150 4264 1278 4317 καλοῦντα
1313 4264 1448 4339 ὑπηρέτην.
1494 4262 1699 4331 Lexieographos

545 4351 611 4404 κατὰ
627 4351 676 4418 τὴν
700 4348 792 4419 ἀγορὰν
815 4346 932 4419 ἀψευδεῖν
954 4365 979 4417 p.
1001 4348 1049 4401 107
1066 4342 1121 4401 Β..
1149 4351 1236 4403 laudat
1253 4352 1370 4405 Sohoem.
1389 4351 1441 4403 Att.
1460 4351 1533 4403 Proo.
1551 4365 1576 4416 p.
1595 4348 1652 4413 576.

546 4434 708 4510 Θεόφραστος
730 4437 790 4504 γοῦν
813 4433 839 4487 ἐν
861 4435 989 4506 τοῖςπερὶ
1010 4434 1098 4503 νόμων
1198 4433 1370 4509 ’Χαιρεφῶντα
1382 4436 1410 4489 δὲ
1425 4435 1468 4488 τὸν
1481 4433 1580 4504 πῦξινον
1593 4433 1700 4507 (ὠχρὸν)

546 4522 606 4595 φησὶ
627 4521 698 4575 δυοῖν
726 4518 823 4573 τοῦτον
848 4516 1018 4589 ἐπιμελεῖσθαι
1040 4520 1099 4580 τοὺς
1150 4520 1211 4575 Σωκ
1226 4522 1302 4581 άτους
1319 4522 1425 4594 ἑταῖρον.
1453 4521 1535 4573 Huius
1552 4520 1701 4573 maximein

547 4606 721 4681 ἀγορανόμους
746 4610 793 4677 τῆς
819 4624 847 4660 τε
873 4605 898 4660 ἐν
926 4606 1005 4680 ἀγορᾷ
1028 4606 1099 4661 σῦκο-
1149 4540 1279 4694 Νοδδηαε,
1301 4609 1341 4663 bis
1359 4608 1436 4661 etiam
1452 4607 1480 4661 in
1497 4606 1596 4661 Avibus
1614 4606 1701 4661 memi-
