4484 5467
637 623 682 676 Du
699 621 870 678 lvolofflvs
888 622 1147 677 Aruuumustvu
1164 622 1345 691 uussvsovu
1362 626 1590 685 IVDICIALIBVS
1636 634 1696 698 109

538 795 624 881 δίκην
646 796 820 880 γιγνώσκειν
844 796 883 861 ab
905 795 1110 880 Aristophane
1133 802 1317 881 usurpatum
1345 817 1410 863 esse
1436 799 1558 886 ignoro,
1588 824 1697 869 verum

539 906 671 987 εἰσιέναι,
697 905 823 973 introire
845 907 866 972 i.
889 928 916 972 e.
938 907 973 971 in
994 906 1142 990 tribunal,
1165 915 1245 973 recte
1267 909 1423 990 sehabet,
1445 918 1481 977 ut
1502 915 1594 1000 Vesp.
1617 916 1697 981 891:

811 1019 863 1083 ‘u'
879 1044 922 1090 τις
944 1018 1070 1105 θύρασιν
1094 1022 1252 1105 ἡλιαστής,
1275 1022 1385 1100 εἰσίτω,

539 1136 571 1195 ct
590 1127 705 1195 Eccles.
728 1130 899 1196 460:-0oo’
923 1132 965 1201 εἰς
987 1133 1177 1218 δικαστήριον
1201 1132 1251 1220 ἄρ’
1275 1132 1353 1219 εἶμ’,
1377 1133 1445 1199 ἀλλ’
1470 1138 1489 1219 ἡ
1513 1140 1600 1223 γυνή.
1717 1187 1723 1195 -

539 1241 648 1326 Itaque
671 1241 715 1305 sic
737 1240 891 1323 intelligo:
914 1240 954 1305 ad
974 1241 1060 1326 prius
1083 1241 1202 1307 dictum
1223 1245 1298 1331 πρὸς
1318 1246 1351 1309 τὸ
1374 1250 1434 1333 πῦρ
1453 1248 1630 1333 καθήμενος
1644 1258 1698 1314 aut
1803 1326 1805 1329 ¹

538 1356 660 1439 ἡλιάσει
683 1358 738 1417 aut
759 1347 830 1418 εἴσει
857 1351 1119 1433 subaudiendum;
1148 1360 1239 1438 atque
1266 1355 1344 1420 illud
1373 1356 1498 1440 quidem
1525 1360 1697 1445 praeferen-

538 1464 624 1547 dum,
648 1464 731 1549 quod
744 1464 924 1529 concinnius
939 1464 1024 1542 foret,
1048 1464 1075 1527 si
1089 1466 1315 1553 καθεδούμενος
1329 1489 1401 1532 cum
1414 1468 1485 1534 εἴσει
1501 1471 1697 1536 coniunctum

538 1576 699 1660 legeretur.
744 1576 828 1653 Quae
850 1575 976 1661 quidem
997 1575 1093 1640 latino
1116 1596 1167 1640 ore
1188 1576 1248 1641 sic:
1271 1578 1337 1644 sive
1358 1580 1474 1664 ningit,
1503 1588 1574 1645 ante
1597 1583 1697 1648 focum

538 1688 648 1753 sedens
671 1688 836 1766 iudicabiS,
859 1688 924 1752 sive
945 1686 1034 1772 pluit,
1057 1688 1208 1767 introibis,
1231 1689 1252 1753 i.
1275 1711 1300 1753 e.
1323 1712 1421 1775 quum
1442 1699 1564 1778 propter
1581 1701 1698 1779 tempe-

538 1806 653 1866 statem
669 1800 811 1886 placebit,
834 1799 985 1878 introibis,
1008 1820 1107 1884 neque
1123 1808 1177 1866 aut
1199 1801 1270 1867 niue
1288 1808 1343 1867 aut
1362 1802 1467 1888 pluvio
1482 1804 1615 1890 amplius
1630 1828 1699 1891 pre-

538 1913 635 1977 meris
658 1912 864 1994 iudicaturus,
888 1932 986 1996 quum
1007 1911 1090 1976 domi
1119 1914 1302 1978 remanebis.
1346 1915 1421 1979 Tres
1448 1916 1544 1999 igitur
1571 1920 1701 1985 evitabis

538 2024 733 2109 iniquitates,
756 2028 871 2089 aestate
894 2023 1025 2088 calorem
1046 2024 1134 2103 solis,
1162 2031 1347 2111 versatque
1369 2034 1519 2094 autumno
1547 2029 1698 2114 pluvium,

537 2137 642 2201 hieme
664 2135 713 2202 vel
734 2134 878 2223 pluvium
899 2134 949 2200 vel
970 2136 1084 2201 nivem.

627 2248 740 2313 Tribus
762 2251 867 2312 autem
881 2267 978 2331 quum
992 2248 1163 2314 tribunalia
1176 2256 1388 2335 premerentur
1401 2251 1451 2316 vel
1465 2260 1589 2338 possent
1601 2256 1701 2339 premi

538 2360 769 2445 iniquitatibus,
793 2363 920 2445 apparet
947 2380 983 2423 aa
1005 2365 1036 2425 et
1056 2361 1128 2426 solis
1156 2362 1251 2427 radiis
1273 2368 1304 2428 et
1324 2362 1475 2428 imbribus
1497 2370 1528 2430 et
1549 2366 1581 2431 id
1603 2388 1700 2450 genus

537 2472 718 2557 tempestati
739 2470 877 2557 exposita
897 2471 1001 2554 luisse,
1035 2481 1162 2559 apparet
1183 2474 1291 2561 opinor
1316 2474 1423 2540 eadem
1444 2482 1548 2563 aperta
1571 2478 1605 2541 in
1626 2477 1700 2543 locis

537 2584 656 2670 apertis
677 2584 782 2649 luisse.
826 2582 883 2647 Cui
907 2585 1077 2650 sententiae
1099 2607 1162 2651 non
1184 2587 1284 2652 obstat
1315 2588 1397 2671 quod
1417 2588 1505 2653 Dem.
1527 2592 1602 2655 κατὰ
1621 2590 1700 2677 Ἀρι-

538 2721 623 2782 στογ.
646 2694 671 2761 α’
694 2717 726 2781 p.
749 2695 811 2760 785
834 2694 923 2760 dicit:
954 2695 1025 2761 οὐδὲ
1047 2698 1118 2769 τοὺς
1140 2699 1309 2787 προγόνους
1332 2701 1541 2789 ὑπολαμβάνω
1562 2704 1598 2767 τὰ
1621 2678 1699 2767 δινα-

628 2920 674 2984 Αο
696 2920 733 2984 de
756 2919 884 2985 Heliaea
906 2921 1033 3006 quidem
1054 2921 1160 2986 nullus
1181 2921 1304 3001 dubito,
1331 2923 1408 3006 quin
1434 2924 1520 2988 locus
1541 2925 1700 3003 subdialis,

539 3030 689 3096 cancellis
710 3032 934 3118 circumseptus
956 3033 1058 3113 fuerit,
1082 3038 1112 3098 et
1126 3039 1250 3119 propter
1263 3033 1509 3119 amplitudinem,
1532 3057 1629 3120 quum
1643 3036 1701 3101 ali-

537 3147 618 3228 quot
639 3143 728 3208 milia
749 3143 911 3209 hominum
932 3145 977 3211 ibi
999 3131 1172 3211 consedisse
1193 3144 1284 3209 certis
1305 3145 1340 3210 in
1365 3146 1466 3211 causis
1488 3152 1519 3211 et
1544 3149 1700 3232 probabile

536 3256 582 3321 sit
604 3260 636 3319 et
656 3255 797 3321 tradatur
818 3256 912 3321 etiam
934 3257 1173 3343 ascriptoribus
1195 3257 1334 3340 Graecis,
1357 3264 1388 3322 et
1409 3259 1491 3341 quod
1513 3280 1551 3323 ex
1572 3259 1700 3344 scripto-

537 3369 628 3435 ribus
651 3368 764 3453 aliquis
786 3367 961 3434 aedificium
982 3375 1048 3435 tam
1069 3369 1223 3456 amplum,
1246 3369 1337 3455 quale
1359 3378 1452 3453 esset,
1479 3370 1585 3457 procul
1605 3370 1698 3436 dubio

537 3480 707 3565 eodemque
728 3480 809 3561 iure,
828 3502 888 3565 quo
906 3482 1217 3567 templa-theatrum,
1240 3481 1359 3564 odeum,
1382 3482 1505 3563 similia,
1527 3488 1698 3548 memoratu

537 3594 636 3677 digna
656 3592 762 3658 habita
783 3597 871 3671 sunt,
900 3593 1118 3679 descripsisset.
1162 3594 1269 3680 Neque
1296 3594 1391 3659 etiam
1413 3594 1450 3658 de
1479 3594 1606 3680 reliquis
1628 3595 1699 3660 licet

538 3705 692 3784 dubitare,
713 3705 792 3790 quin
814 3709 845 3768 et
866 3705 934 3792 ipsa
955 3707 1071 3771 fuerint
1084 3706 1254 3772 tribunalia
1268 3706 1419 3791 quaedam
1439 3706 1601 3787 subdialia,
1623 3719 1702 3791 quae

541 3815 593 3882 vel
615 3838 635 3881 a
656 3823 768 3884 natura
789 3818 858 3902 looi,
880 3817 930 3882 vel
952 3838 970 3883 a
991 3819 1098 3902 forma,
1120 3823 1157 3882 ut
1178 3838 1272 3904 supra
1292 3818 1487 3902 coniecimus,
1509 3841 1622 3885 nomen
1643 3820 1701 3884 du-

537 3929 658 4011 xerint,
686 3930 720 3994 τὸ
742 3929 854 3996 Καινὸν
878 3930 960 4012 dico,
983 3931 1017 3995 τὸ
1035 3930 1160 4010 Μέσον,
1181 3932 1215 3995 τὸ
1237 3931 1452 4019 Παράβυστον,
1478 3934 1512 3997 τὸ
1535 3932 1699 4021 Τρίγοινον.

537 4041 621 4106 Nub.
645 4041 706 4106 207
729 4041 900 4127 discipulus
922 4041 1129 4129 Strepsiadem
1151 4042 1252 4108 docet:

669 4152 733 4220 αἵδε
757 4155 811 4241 μὲν
832 4152 972 4239 Ἀθῆναι.
996 4154 1059 4220 Str.
1079 4156 1108 4219 τί
1131 4154 1168 4219 cb
1191 4155 1301 4240 λέγεις;
1325 4155 1361 4219 οὐ
1383 4156 1539 4242 πείθομαι,

670 4267 734 4332 ἐπεὶ
755 4268 894 4337 δικαστὰς
917 4266 976 4353 οὐχ
1000 4267 1062 4353 ὁρῶ
1086 4267 1289 4354 καθημένους.

537 4378 602 4455 Qui
623 4377 691 4442 fieri
714 4377 829 4463 potuit,
859 4385 894 4444 ut
915 4378 973 4444 hoc
996 4377 1111 4442 diceret
1132 4384 1236 4464 poeta,
1264 4378 1326 4443 nisi
1353 4378 1522 4443 tribunalia
1544 4382 1649 4462 aperta
1671 4383 1702 4440 et

536 4490 618 4556 coeli
640 4489 736 4555 oculis
758 4511 824 4555 non.
842 4490 991 4573 denegata
1013 4510 1093 4569 esse,
1121 4496 1305 4578 spectatores
1328 4490 1405 4555 bene
1432 4496 1556 4555 nossent
1578 4487 1702 4554 omnes?

535 4601 691 4669 Aedificia
713 4602 797 4668 enim
814 4603 907 4669 luisse
920 4607 1061 4681 contecta
1080 4603 1255 4689 porticuum
1270 4603 1378 4683 instar,
1400 4623 1440 4667 ne
1454 4623 1561 4667 versus
1576 4601 1703 4686 quidem
