4484 5467
1019 670 1214 730 ΣΦΗΚΕΣ

693 851 767 938 ἀτάρ
791 851 827 915 σὺ
852 851 937 924 λέξον
960 847 1112 936 πρότερος.

1037 974 1193 1032 ΞΑΝΘΙΑΣ.

1128 1072 1254 1138 ἐδόκουν
1276 1076 1362 1138 ἀετὸν

692 1190 917 1273 καταπτάμενον
939 1186 980 1255 είς
1000 1188 1052 1270 τὴν
1075 1185 1189 1271 ἀγορὰν
1212 1185 1305 1271 μέγαν
1326 1188 1403 1250 ποίνυ

694 1301 904 1385 ἀναρπάσαντα
925 1302 985 1367 τοῖς
1009 1295 1105 1371 ὄνυξιν
1128 1298 1239 1361 ἀσπίδα

695 1411 792 1497 φέρειν
814 1412 978 1496 ἐπίχαλκον
1001 1410 1108 1479 ἀνεκὰς
1130 1409 1161 1478 ἐς
1183 1410 1233 1473 τὸν
1257 1408 1393 1495 οὐρανόν,

693 1522 817 1587 κάπειτα
838 1522 946 1606 ταύτην
969 1523 1131 1608 ἀποβαλεῖν
1154 1519 1347 1605 Κλεώνυμον.

1053 1646 1182 1702 ΣΩΣῙΑΣ.

697 1748 784 1812 οὐδὲν
807 1747 866 1833 ἀρα
887 1745 997 1832 γρίφου
1019 1744 1152 1829 διαφέρει
1173 1741 1367 1828 Κλεώνυμος.

1044 1868 1200 1927 ΞΑΝΘΙΑΣ.

694 1977 760 2041 πῶς
783 1973 839 2055 δή;

1055 2092 1183 2148 Suilli.

850 2195 994 2279 προσερεῖ
1013 2215 1055 2260 τις
1076 2196 1153 2254 τοῖσι
1177 2188 1342 2274 συμπόταις
1363 2190 1470 2275 λέγων,

575 2427 599 2463 v.
613 2410 652 2463 15.
687 2407 768 2461 aleris
785 2407 817 2461 R.
834 2406 867 2460 V.
885 2406 961 2474 vulgo
980 2407 1038 2457 ante
1055 2403 1219 2457 Brunekium.

573 2511 598 2548 ν.
612 2496 652 2548 16.
686 2494 878 2562 καταπτάμενον
897 2493 928 2544 R.
946 2492 977 2545 V.
999 2490 1084 2558 vulgo.
1102 2490 1294 2559 καταπτόμενος
1316 2490 1572 2559 Bruuok.Hirsol1ig.
1592 2491 1690 2544 addens:

610 2581 699 2646 „Talia
716 2594 780 2647 quae
796 2580 892 2631 tirones
909 2578 996 2645 fugere
1014 2577 1057 2628 vix
1074 2581 1195 2644 possunt,
1213 2593 1264 2629 nou
1282 2578 1380 2629 curiose
1398 2577 1552 2630 annotabo“.
1591 2577 1650 2631 Cob.
1666 2576 1692 2628 V.

609 2668 637 2720 L.
650 2683 675 2736 p.
689 2665 750 2719 305:
769 2665 814 2729 „lu
833 2663 963 2715 comoedia
981 2662 1093 2735 ἐπτόμην
1112 2662 1196 2715 λυουιυ
1208 2663 1292 2727 habet,
1311 2663 1434 2735 ἐπτάμην,
1452 2663 1497 2715 ubi
1509 2679 1589 2731 supra
1601 2679 1691 2716 sonem

610 2754 690 2807 oratio
707 2752 845 2819 adsurgit“.
880 2749 966 2801 Habes
986 2750 1064 2817 igitur
1082 2749 1232 2800 cothurnum
1250 2750 1317 2800 serui
1337 2749 1462 2800 somnium
1480 2752 1610 2803 narrantis
1626 2752 1691 2802 mira-

610 2839 732 2891 culosum.
768 2838 806 2889 De
827 2836 930 2903 reliquis
952 2835 1023 2887 verbi
1044 2835 1132 2887 formis
1154 2833 1353 2903 vide-Cobetum
1370 2834 1387 2888 l.
1405 2834 1422 2886 l.
1445 2835 1526 2887 multa
1543 2837 1691 2904 praecipien-

609 2930 669 2989 tem,
686 2924 900 2977 demonstrantem
917 2936 1011 2990 pauea‚
1029 2927 1055 2972 et
1071 2937 1097 2989 p.
1115 2920 1175 2973 265.
1194 2950 1227 2957 -
1253 2922 1423 2993 προσέπταντο
1441 2920 1505 2973 th.
1524 2920 1586 2975 865.
1609 2951 1641 2959 -
1664 2921 1692 2977 είς

609 2997 643 3063 V.
660 3010 685 3068 ἐς
705 3013 764 3061 ante
780 3008 855 3061 Diud.
877 3011 903 3060 et
925 3007 1003 3059 Bekk.
1023 3007 1109 3075 vulgo.
1148 3007 1221 3059 Talia
1247 3007 1364 3074 equidem
1387 3007 1494 3074 posthae
1521 3022 1573 3059 nou
1598 3009 1687 3060 curiose

610 3097 745 3149 annotabo.

575 3202 599 3239 v.
612 3185 653 3237 21.
687 3181 845 3249 Hirsehigius
867 3184 893 3232 et
909 3180 1046 3249 Bergkius,
1067 3179 1211 3233 Bentleium
1228 3179 1340 3247 sequuti,
1361 3179 1427 3231 iuter
1444 3177 1589 3231 Xanthiam
1612 3182 1637 3231 et
1653 3178 1692 3231 So·

610 3272 675 3323 siam
692 3268 886 3332 distribuerunt,
904 3268 972 3335 quod
989 3272 1063 3320 autea
1081 3268 1170 3321 Sosiae
1191 3270 1253 3319 erat.
1271 3295 1304 3303 —
1321 3272 1370 3325 πᾶς
1388 3265 1431 3337 δὴ,
1449 3267 1639 3336 uuusquisque,
1654 3280 1693 3335 pro

601 3362 666 3414 ,πῶς
683 3353 727 3426 δὴ;
746 3354 872 3407 Reiskius

540 3551 579 3599 ter
597 3549 672 3613 atque
690 3542 723 3594 ad
740 3542 926 3596 dormitandum
943 3546 1094 3598 notandum·
1143 3546 1237 3597 minem
1249 3559 1396 3597 conversam
1404 3543 1454 3596 sibi
1466 3542 1549 3595 visam
1562 3541 1633 3608 dicit,
1644 3555 1694 3595 unu

541 3648 589 3701 que
605 3629 712 3699 impellit
728 3632 870 3697 utrumque.
899 3630 940 3682 Ad
952 3632 1093 3703 νυστακτὴς
1142 3631 1169 3682 in
1190 3631 1285 3683 somnis
1308 3630 1462 3683 somniorum
1479 3628 1577 3682 εἴδωλα
1600 3627 1694 3701 ἀμαυρά

540 3733 622 3785 eomp.
643 3716 690 3767 Au.
710 3713 768 3767 639.
792 3714 920 3769 Xenareh.
942 3732 982 3784 ap.
1001 3718 1092 3771 Athen.
1141 3716 1226 3768 subito
1243 3717 1269 3768 iu
1287 3731 1374 3769 omues
1391 3716 1485 3768 abeunt
1503 3719 1530 3768 et
1552 3719 1695 3769 conuertun-

539 3803 599 3867 XV,
611 3800 661 3854 693
675 3802 699 3853 b.
709 3801 783 3853 lllein.
797 3800 825 3853 O.
837 3800 873 3852 III
885 3817 911 3869 p.
920 3801 979 3855 616.
988 3830 1022 3839 -
1033 3799 1093 3875 Μῆ·
1141 3805 1183 3853 tur
1200 3801 1307 3867 formas3
1324 3805 1378 3854 tum
1396 3815 1464 3865 vero,
1482 3800 1552 3868 quod
1566 3801 1695 3862 xanthus,

540 3888 582 3947 ὃος
603 3891 687 3940 autem
709 3903 786 3955 quum
808 3887 912 3951 dixerit,
933 3889 1092 3955 aptissimum
1142 3888 1185 3955 qui
1211 3888 1346 3940 stationem
1371 3886 1479 3938 libenter
1500 3887 1638 3940 relicturus
1658 3887 1696 3938 aut

539 3977 579 4028 est
594 3965 786 4045 ἐστρατεύσατο,
804 3972 836 4024 ad
857 3973 925 4040 qnod
945 3990 968 4026 ν.
981 3974 1092 4042 Bergler.
1142 3973 1288 4026 dormiendo
1318 3976 1467 4041 peracturus
1492 3976 1566 4038 erat,
1597 3971 1696 4037 Gleouy-

539 4061 603 4113 bene
615 4059 771 4128 comparavit
780 4057 840 4111 Eur.
853 4058 918 4112 llled.
933 4059 1006 4113 1125.
1015 4060 1092 4128 Hipp.
1142 4074 1219 4123 mum,
1237 4057 1373 4130 ριψοίσπιδα
1385 4058 1465 4122 illum,
1482 4057 1696 4128 ἀσπιδαποβλΐιρα,

539 4147 597 4201 525.
632 4146 749 4200 Ceterum
775 4145 911 4212 repetitum
935 4162 972 4203 τις
999 4147 1024 4197 et
1050 4144 1093 4217 ἀρ·
1142 4160 1217 4214 quem
1239 4145 1356 4197 omuibus
1378 4145 1490 4196 numeris
1508 4143 1607 4197 Noster
1627 4148 1696 4210 atque

537 4234 598 4292 τίυς
607 4233 707 4301 egregie
716 4233 810 4284 statum
820 4228 1093 4282 dormiturieutissuas-
1141 4231 1280 4284 innumeris
1306 4231 1369 4283 loeis
1398 4230 1553 4299 exagitarit,
1584 4231 1612 4283 iu
1637 4243 1696 4282 sou·

538 4335 586 4387 que
612 4317 778 4385 cogitationes
805 4331 880 4383 aegre
902 4316 1093 4383 pronunciantis
1142 4318 1182 4369 nis
1215 4316 1264 4368 sibi
1302 4317 1385 4369 uisum
1420 4330 1476 4368 esse
1512 4319 1610 4370 narrat.
1662 4313 1696 4366 lta

538 4405 660 4473 depingit.
1142 4403 1209 4456 servi
1235 4401 1401 4469 cogitationes
1427 4400 1539 4469 imam‘ne
1560 4400 1627 4454 fiunt
1647 4416 1697 4469 per-

588 4507 612 4543 ν.
627 4489 658 4542 15
670 4504 726 4557 sqq.
755 4484 870 4539 ἐδόκουν.
896 4486 1027 4540 Somnium
1040 4491 1093 4540 arte
1140 4488 1251 4556 spienee.

538 4575 630 4627 eximia
650 4573 746 4630 fiotum.
786 4574 899 4626 Primum
919 4573 983 4625 illud
1004 4589 1036 4625 ex
1055 4574 1093 4625 rei
1181 4589 1205 4626 v.
1226 4571 1267 4626 18.
1302 4571 1448 4645 ἐπίχαλκον.
1483 4572 1695 4629 clusinum

537 4661 646 4715 maxime
663 4665 767 4726 natura,
788 4659 856 4729 quod
878 4659 988 4727 aquilam
1004 4660 1032 4712 iu
1048 4659 1092 4713 ho·
1140 4659 1165 4712 Π
1181 4673 1208 4726 p.
1220 4658 1278 4710 709.
