4484 5467
970 407 1166 469 ΣΦΗΚΕΣ

948 582 1184 641 ΒΔΕΛΥΚΑΕΩΝ.

645 676 732 745 ἔνδον
762 678 908 767 κέκραχθι
930 686 985 765 τῆς
1006 680 1102 768 θύρας
1125 680 1345 770 κεκλεισμένης.

644 791 718 856 ὤθει
743 791 779 856 σὺ
803 792 937 864 πολλοὺς
959 798 1019 858 τῶν
1044 793 1139 858 λίθοιν
1163 793 1237 879 πρὸς
1258 794 1310 878 τὴν
1333 793 1440 881 θύραν,

642 904 765 989 καλιὴν
790 906 919 991 βάλανον
944 904 1080 995 ἔμβαλλε
1102 907 1190 969 πάλιν
1213 905 1255 975 εἰς
1276 904 1326 968 τὸν
1352 905 1478 992 μοχλόν,

641 1016 692 1079 καὶ
712 1023 755 1099 τῇ
777 1019 862 1103 δοκῷ
884 1018 1027 1104 προσθεὶς
1049 1017 1098 1081 τὸν
1123 1016 1216 1102 ὅλμον
1240 1016 1289 1081 τὸν
1315 1016 1407 1103 μέγαν

643 1128 756 1200 ἀνύσας
778 1129 1038 1216 πιπρασκύλισον.

1002 1255 1132 1313 Suilli.

1028 1353 1109 1440 οἴμοι
1134 1355 1277 1425 δείλαιος·

515 1633 544 1675 ν.
557 1619 616 1676 201.
650 1618 766 1694 προσθεὶς
784 1622 868 1691 vulgo,
886 1619 994 1695 πρόσθες
1006 1620 1156 1685 Brunckius,
1174 1625 1269 1688 puncto
1287 1626 1345 1691 post
1363 1622 1441 1693 μέγαν
1458 1623 1550 1691 posito.
1580 1624 1645 1678 Tum

553 1709 597 1761 vix
618 1709 746 1777 intelligas
769 1706 862 1768 ἀνύσας
883 1727 907 1762 τι
929 1706 1048 1781 προσκύλ.
1079 1706 1127 1777 τὴν
1146 1705 1221 1759 δοκὸν
1239 1705 1355 1781 προσθείς
1377 1710 1508 1761 nouraeus
1535 1727 1643 1779 propun.

515 1807 542 1847 v.
555 1794 613 1848 202.
657 1793 793 1868 προσκύλιι
818 1794 849 1848 R.
879 1794 910 1848 V.
941 1794 1069 1861 Hirschig.
1099 1792 1233 1866 προσκύλιέ
1262 1792 1285 1864 γ’
1316 1794 1400 1862 vulgo.
1440 1793 1527 1848 Cobet.
1561 1796 1591 1850 λ’.
1616 1798 1644 1850 L.

552 1879 648 1947 ρ.153
675 1880 717 1944 (ci.
744 1881 865 1935 Mnemos.
891 1880 909 1934 l.
935 1879 952 1932 l.
979 1896 1004 1948 p.
1027 1878 1096 1944 423.)
1123 1877 1301 1953 προσκύλισον,
1328 1879 1399 1947 prob.
1428 1879 1519 1946 Bergk.
1547 1882 1585 1935 ed.
1614 1883 1644 1936 H.

551 1966 581 2019 In
602 1967 745 2037 fragmento
773 1966 863 2020 comici
885 1966 991 2019 alicuius
1014 1982 1055 2033 ap.
1077 1964 1151 2032 Dicg.
1169 1965 1253 2019 Laert.
1274 1964 1310 2029 ll,
1334 1963 1395 2028 108,
1418 1966 1492 2017 Mein.
1516 1966 1586 2021 Gonu.
1608 1969 1644 2020 IV

551 2068 578 2121 p.
588 2052 648 2118 618,
666 2052 761 2107 κυλίων
775 2055 867 2117 exstat,
885 2051 954 2121 apud
966 2051 1089 2104 Nostrum
1100 2054 1202 2120 praeter
1213 2052 1280 2104 hurnc
1297 2065 1398 2102 versum
1415 2050 1538 2104 κνλίνδειν
1558 2056 1583 2104 et
1599 2072 1644 2105 κο-

551 2136 687 2193 λίνδεσθαι.
720 2139 811 2207 ltuque
833 2142 861 2190 ut
883 2139 1081 2206 inopportunum
1105 2156 1145 2208 p,
1176 2137 1242 2205 quod
1266 2136 1322 2189 cod.
1344 2136 1376 2188 R.
1400 2150 1450 2187 non
1474 2136 1562 2201 habet,
1586 2153 1645 2206 pro·
1743 2187 1745 2191 .

551 2223 673 2294 pellerem
686 2228 762 2294 atque
779 2224 877 2277 hiatum
895 2224 1023 2288 evitarem,
1042 2222 1132 2275 Cobeti
1150 2223 1321 2280 coniecturam
1339 2222 1431 2291 recepi.
1450 2250 1483 2259 -
1501 2222 1644 2296 προσκύλι’.

551 2311 582 2364 ιώ
602 2328 647 2381 μοι
664 2310 803 2364 Dobraeus.
1389 2358 1397 2367 .
1557 2384 1560 2389 .

517 2414 539 2453 ν.
552 2395 613 2453 θθῖ.
650 2392 689 2450 Ol.
703 2395 761 2449 Ald.
773 2397 849 2462 lunt,
867 2395 955 2450 Sosias
972 2394 1056 2461 Kust.‚
1074 2394 1215 2449 Xanthiam
1232 2395 1295 2450 hacc
1312 2396 1456 2464 loquentem
1474 2394 1534 2449 fecit
1552 2394 1643 2465 Bergk.

550 2484 602 2539 vid.
620 2481 721 2551 Proleg.
739 2499 765 2551 p.
782 2482 828 2548 44,
854 2482 917 2536 ibid.
938 2482 969 2534 de
991 2482 1146 2550 reliquorum
1167 2498 1287 2535 versuum
1309 2481 1493 2537 distributione.
1512 2510 1546 2521 -
1569 2483 1643 2553 ὤιμοι

549 2570 581 2624 R.
601 2567 669 2640 ὤμοι
688 2568 745 2624 Ald.
762 2568 829 2622 Iunt.
846 2568 921 2622 Kust.
940 2567 1007 2637 οἴμοι
1024 2566 1056 2622 V.
1074 2568 1184 2621 Bruncl.
1203 2566 1300 2635 reliqui.

529 2827 553 2866 ν.
574 2809 633 2866 198.
665 2810 748 2865 Senex
759 2808 896 2881 propulsus
915 2815 954 2864 est
971 2810 1038 2863 intra
1086 2814 1128 2865 tur
1145 2824 1214 2863 more
1232 2808 1316 2875 sclito,
1333 2812 1387 2862 tum
1404 2813 1502 2863 vectem
1516 2825 1642 2880 apponere

480 2901 598 2970 parietes,
615 2900 691 2967 porta
706 2897 853 2951 recluditur.
882 2897 978 2950 Verum
988 2897 1037 2951 lroc
1085 2901 1266 2961 transversum,
1284 2910 1333 2965 quc
1346 2910 1406 2948 usos
1422 2911 1479 2948 esse
1496 2896 1565 2949 cives
1583 2914 1642 2950 con-

480 3002 610 3039 servorum
629 3000 678 3053 ope
694 2983 790 3038 factum
808 2987 859 3047 est,
882 2998 942 3035 sene
960 2999 1036 3052 quam
1085 2988 1233 3036 sentanemn
1250 2987 1298 3047 cst,
1315 2999 1393 3051 quum
1410 2997 1497 3035 omnes
1509 2981 1570 3034 forie
1583 2987 1642 3034 sunt

478 3073 589 3125 maxime
607 3070 687 3123 invito
705 3087 735 3123 ac
753 3073 917 3139 repugnante.
954 3068 1036 3133 Quare
1085 3086 1166 3140 neque
1189 3069 1294 3123 rede'unt
1319 3071 1376 3138 ipso
1393 3069 1448 3132 die,
1466 3068 1573 3136 denique
1591 3085 1642 3120 rnu-

477 3159 545 3212 fdius
557 3158 594 3223 id,
612 3156 681 3227 quod
698 3156 774 3224 vulgo
788 3155 888 3224 legitur,
905 3155 973 3225 patri
989 3154 1036 3207 im·
1084 3171 1163 3225 gnum
1180 3156 1283 3225 insuper
1294 3156 1442 3209 mortarium
1456 3153 1589 3207 obvolvere
1607 3156 1642 3206 ia-

476 3259 569 3315 perare
581 3237 640 3297 'non
652 3245 745 3311 potest,
763 3245 793 3295 ut
804 3240 903 3294 asinum
919 3244 945 3293 et
957 3244 1038 3293 semet
1085 3258 1159 3308 uuae,
1176 3242 1227 3295 iam
1239 3240 1367 3311 lapidibus
1379 3240 1503 3293 obtectae.
1532 3239 1552 3292 E
1565 3241 1641 3308 variis

475 3334 564 3402 ipsum
584 3330 613 3383 in
640 3329 743 3382 domum
767 3327 862 3382 trudat.
901 3328 1037 3381 Servorum
1085 3330 1190 3383 vocudae
1207 3325 1286 3398 ὅλμος
1303 3326 1531 3397 significationibus
1547 3342 1576 3379 ea
1589 3342 1642 3379 ma·

476 3418 522 3471 uni
553 3416 596 3470 vel
632 3415 734 3485 utrique
766 3414 816 3467 hoc
840 3414 979 3483 imperatur
1008 3416 1038 3465 ut
1085 3417 1153 3469 xime
1167 3411 1471 3484 anidct,quaeinschol.
1484 3426 1508 3464 u.
1524 3410 1641 3481 238pro-

475 3503 584 3574 reliqua,
602 3516 679 3556 versu
697 3501 745 3555 199
757 3516 794 3570 sq.
808 3503 962 3553 enumerata.
990 3499 1038 3551 Le·
1086 3505 1150 3555 stat:
1168 3500 1318 3575 στρογγύλος
1336 3496 1406 3557 λίθος
1424 3497 1449 3551 ἐν
1469 3494 1490 3571 ᾦ
1507 3497 1642 3552 κόπτουσιν

475 3589 590 3661 gendum
619 3587 697 3657 igitur
725 3601 772 3656 pro
801 3586 844 3639 καὶ
871 3583 1037 3639 audrie—oi
1087 3586 1175 3661 ὄσπρια
1197 3589 1240 3640 καὶ
1262 3586 1328 3640 ἄλλα
1353 3586 1417 3638 τινά.
1456 3584 1515 3638 Non
1543 3586 1644 3642 videtur

475 3675 583 3732 καύτύν.
1087 3674 1193 3726 multum
1207 3673 1340 3727 abhorrere
1353 3676 1463 3726 anostro
1476 3674 1642 3742 ,‚Hauldotz“‚

529 3797 554 3833 v,
574 3779 633 3834 199,
659 3774 768 3836 πολλοὺς
787 3780 839 3829 τῶν
857 3772 945 3830 λίθων,
964 3774 1037 3829 com-
1085 3758 1146 3814 licet
1170 3776 1202 3813 cx
1221 3759 1307 3830 lapide
1323 3759 1399 3812 fuerit
1417 3761 1515 3814 caudex
1532 3764 1641 3817 Atticus,

477 3884 544 3937 Ρπθ
574 3882 604 3965 v.
632 3862 698 3919 148²
728 3860 849 3917 ἐπαναθῶ
877 3862 921 3915 καὶ
950 3860 1036 3963 RQ
1139 3913 1163 3953 v.
1187 3897 1245 3952 202.
1281 3895 1426 3972 προσκύλιιι
1452 3900 1531 3953 schol.
1554 3900 1640 3974 δηλῶν

475 3954 510 4007 ad
519 3956 666 4023 genetivum
676 3946 755 4003 λίθων
768 3950 799 4004 cf.
809 3948 896 4001 Elmsl.
907 3946 970 4001 Ach.
978 3946 1036 4001 300.
1086 3981 1116 4037 τὸ
1135 3982 1240 4055 Μῦθος
1261 3987 1307 4037 τοῦ
1326 3983 1418 4054 ὅρμου,
1441 3982 1468 4037 ὅν
1491 4004 1552 4059 φησι
1569 3989 1641 4040 κάτω

527 4073 553 4109 V·
571 4054 632 4109 2⁰⁰·
665 4069 689 4107 V·
707 4054 740 4107 ad
756 4070 780 4107 V·
800 4052 857 4107 155·
1082 4068 1146 4144 πρὸς
1167 4074 1199 4145 τῇ
1218 4070 1284 4145 ἀρχῇ
1306 4074 1351 4124 τοῦ
1370 4070 1504 4140 ἀντιβάτοο
1525 4069 1640 4142 προσθεῖ-

526 4175 552 4212 v.
571 4158 631 4213 201.
664 4162 697 4233 πῇ
718 4156 799 4231 δοκῷι
821 4156 900 4210 schol.
923 4154 988 4229 αὐτῇ
1006 4153 1033 4208 ol
1081 4174 1122 4209 ναι
1139 4158 1157 4210 i.
1176 4173 1198 4211 e.
1216 4161 1261 4209 τοῦ
1280 4156 1365 4210 δοκοῦ.
1383 4162 1416 4231 τῇ
1432 4156 1541 4230 dmi:
1552 4157 1584 4209 ad
1601 4160 1639 4211 in·

474 4244 600 4323 τῇδσιιῷ
621 4242 667 4297 τὸν
688 4240 778 4315 ύλμον.
817 4243 884 4297 κατὰ
911 4240 983 4315 φύσιν
1005 4241 1033 4294 di
1081 4243 1169 4296 fimum
1186 4247 1296 4310 vectem3
1314 4258 1440 4297 summum
1457 4243 1524 4295 enim
1542 4247 1640 4298 vectem

474 4333 506 4406 ἦν
519 4331 620 4404 μᾶλλον
638 4330 721 4396 clarata
738 4330 782 4383 καὶ
798 4329 845 4403 τὴν
863 4326 939 4382 δοιιύν
956 4345 1031 4401 προσ·
1082 4330 1114 4382 ed
1127 4331 1229 4384 ianuam
1242 4330 1395 4399 appositum,
1404 4327 1518 4381 infimum
1533 4327 1559 4381 in
1572 4332 1640 4386 terra

475 4415 534 4480 θιῐς.
571 4417 687 4471 Primum
705 4416 821 4472 claudere
843 4417 944 4469 ianuam
961 4415 1031 4469 iube·
1081 4414 1192 4471 defixum
1209 4430 1265 4470 esse
1283 4415 1420 4470 scholiasta
1436 4415 1564 4486 intelligit.
