4484 5467
1082 616 1279 676 ΣΦΗΚΕΣ

755 799 846 870 αὐτὸς
866 801 1034 882 κομιοῦμαι
1055 793 1089 858 τί
1112 819 1146 876 γε
1169 791 1326 878 παραυτίκ’
1353 790 1488 857 ἔνδοθεν.

1062 916 1298 977 ΒΔΗΛΥΚᾹΕΩΝ.

755 1023 783 1085 τί
805 1021 930 1085 notaria
953 1019 1065 1105 χρῆμί
1089 1021 1130 1087 ὡς
1154 1016 1248 1079 δεινὸν
1273 1016 1291 1096 ί,
1317 1016 1497 1100 φιλοχωρία

1102 1138 1258 1196 ΞιλΝΘΙλΣ.

757 1242 839 1329 βάλλ’
865 1243 895 1311 ἐς
918 1239 1057 1325 κόρακας.
1089 1239 1236 1301 τοιουτονὶ
1257 1236 1372 1320 τρέφειν
1397 1237 1481 1299 κύνα.

1060 1359 1297 1416 ΒΔΕᾹΥΚᾹΕΩΝ.

757 1464 785 1526 τί
807 1460 836 1525 δ’
862 1460 940 1524 ἔστιν
964 1459 1062 1528 &neiat

1102 1584 1257 1641 sinenti.

1059 1682 1094 1745 οὐ
1117 1683 1174 1767 γὰρ
1200 1683 1215 1744 ὁ
1239 1684 1341 1768 iusim
1365 1683 1475 1767 ἀρτίως

638 1944 662 1981 r.
675 1925 733 1979 833.
770 1925 845 1983 οὗτος
868 1924 952 1990 vulgo.
985 1922 1060 1973 αὐτὸν
1087 1923 1212 1984 liirsebie,
1235 1923 1301 1990 apud
1322 1939 1396 1989 quaem
1414 1938 1503 1975 sersus
1522 1926 1562 1975 est
1579 1922 1773 1989 Bdelyeleonis.

672 2012 734 2066 ibid.
752 2012 781 2063 τό
799 2030 826 2064 τε
845 2011 873 2062 R.
893 2010 924 2060 λ’.
944 2009 1001 2077 τόγε
1021 2007 1104 2068 ritino.
1141 2008 1289 2076 t'ogitabam
1315 2026 1337 2059 r.
1356 2008 1406 2058 832
1431 2010 1539 2078 πάρεισιν
1565 2008 1598 2069 (oi
1616 2006 1773 2079 ὀρΰρακτοι)

674 2103 700 2151 et
717 2115 740 2151 v:
760 2098 811 2149 833
831 2096 921 2154 αὐτοὺς
939 2101 1023 2162 κομιῶ
1043 2112 1093 2161 μοι.

605 2320 707 2359 currere
736 2304 845 2371 reliquas
876 2318 915 2353 res
942 2302 1103 2362 :arcessituram
1134 2299 1159 2349 id

604 2391 672 2443 iilius
689 2405 738 2442 non
754 2390 926 2458 exspectabat.
957 2388 1039 2450 Quare
1057 2385 1160 2438 domum

605 2475 735 2528 festinanti
755 2474 890 2527 acclamat:
909 2473 933 2523 τί
944 2489 1004 2524 ποτε
1015 2470 1045 2523 τὸ
1057 2474 1160 2543 χρῆμαι

605 2577 733 2630 quumque
750 2561 799 2611 iam
818 2560 887 2610 intus
911 2561 986 2621 esset,
1005 2557 1159 2608 celeritatem

605 2646 744 2703 admiratus
762 2644 844 2697 addit:
862 2642 898 2701 ὡς
915 2641 994 2694 δεινὸν
1013 2640 1030 2710 ἡ
1049 2640 1160 2713 'prio-peo-

606 2732 654 2804 μία.
698 2730 763 2783 Τιιιιι
792 2746 851 2783 vero
878 2745 936 2782 eum
963 2727 1077 2780 Xanthia
1104 2728 1160 2794 qiais

604 2816 715 2885 epileum
731 2816 812 2883 possit
830 2816 877 2868 nisi
896 2814 1045 2882 Beleiyeieo,
1070 2817 1097 2864 ιιι
1115 2829 1157 2864 ne-

605 2920 648 2960 mo
672 2901 795 2955 dubitarit
819 2906 845 2954 et
867 2917 942 2953 versu
961 2899 1010 2952 &39
1028 2904 1063 2968 τερ
1085 2899 1159 2969 πατρὶ

602 2988 767 3058 perspicuum
781 2993 827 3040 est.
855 2988 942 3056 ltaque
955 2987 976 3038 si
989 2984 1158 3037 Philocleonis

576 3101 580 3106 ν
603 3078 691 3128 essent
708 3089 796 3126 versus
814 3072 969 3135 83‘2-834,
988 3076 1158 3123 anteversum

606 3155 655 3213 835
680 3164 725 3212 aut
746 3165 806 3227 post
828 3174 885 3210 eum
909 3158 1030 3225 temporis
1049 3157 1158 3224 spatium

605 3247 668 3299 satis
696 3260 815 3312 magnum
845 3244 983 3312 praeterire
1012 3242 1158 3294 existiman-

606 3332 665 3383 dum
683 3334 765 3392 esset,
784 3345 834 3397 qno
852 3335 968 3397 ageretur
986 3328 1056 3380 nihii.
1074 3327 1159 3395 ioque·

606 3420 674 3469 retur
686 3430 767 3468 nemo.
804 3414 838 3466 Vt
850 3415 927 3483 igitur
942 3415 1074 3466 vimineum
1094 3414 1158 3464 sutile

606 3502 720 3554 attulerit
736 3501 812 3565 tilius,
830 3501 875 3567 qtui
892 3500 975 3568 possis
992 3501 1038 3552 tibi
1056 3499 1160 3567 fingere,

606 3602 690 3639 senem
710 3602 759 3639 ιιοιι
778 3587 878 3651 statim,
902 3584 946 3637 sod
965 3591 1022 3653 post
1042 3591 1099 3638 oeto
1117 3586 1159 3637 ele·

607 3688 673 3725 mum
707 3688 795 3725 versus
826 3674 1007 3741 interrogasse:
1038 3671 1106 3722 τοντὶ
1136 3672 1160 3722 τι

606 3759 668 3823 ἔστη
692 3758 798 3810 eundem
821 3774 866 3826 per
890 3758 936 3809 hos
960 3773 1047 3808 versus
1065 3757 1158 3808 nadiam

607 3846 728 3897 rationem
757 3849 799 3895 aut
823 3843 952 3896 Xanthiae.
980 3851 1022 3894 ιιιιι
1049 3842 1092 3894 tilii
1117 3843 1160 3894 ha·

606 3932 709 3983 buisse?
737 3930 784 3994 Qui
807 3945 894 3982 versans
920 3946 964 3980 nee
987 3929 1036 3981 diei
1060 3921 1105 3980 nee
1125 3930 1160 3981 in·

605 4017 685 4084 telligi
714 4019 835 4085 possunt,
866 4016 914 4066 nisi
943 4021 1015 4082 patre
1046 4016 1157 4068 absente.

606 4104 683 4155 Pater
708 4103 785 4170 igitar
811 4103 878 4170 quod
904 4108 1076 4174 χοιροκομεῖον
1101 4118 1158 4154 eum

607 4204 687 4252 servo,
706 4193 733 4239 ut
756 4189 855 4256 Proieg.
874 4206 898 4256 p.
916 4190 957 4240 tt.
979 4188 1025 4240 loo
1043 4190 1158 4257 exposui.

606 4274 684 4339 eiiam,
697 4290 746 4327 raon
760 4278 843 4342 potest
861 4274 926 4325 idem
940 4290 1072 4343 ιμιιιιινιιι
1091 4277 1161 4328 wari

606 4361 630 4410 τί
656 4361 717 4424 ἔστις
747 4362 814 4413 liaeo
839 4377 952 4430 quoqne,
980 4368 1007 4413 ιιι
1034 4361 1160 4430 Bergkiits

606 4451 674 4497 reete
704 4449 850 4513 centesimis,
886 4448 1061 4516 Bdeiyeieonis
1092 4456 1160 4512 suan,

606 4546 778 4602 personaeque
795 4536 828 4587 ita
849 4535 984 4587 mutandae
1003 4536 1026 4586 in
1045 4535 1160 4586 masilias

608 4613 692 4666 stt—
704 4618 762 4683 sto,
781 4627 884 4690 atquae
897 4620 1066 4673 Philoeioonis
1079 4625 1160 4680 erant,

1210 2315 1276 2352 niano
1303 2299 1479 2366 Bdeiyeieonis
1501 2300 1564 2362 sint..
1590 2300 1774 2366 iidelyeieonis

1209 2400 1269 2437 uero
1302 2394 1409 2453 persona
1446 2385 1601 2438 Philocleoni
1638 2387 1774 2438 reddatur.

1210 2471 1282 2533 Qrtod
1306 2471 1359 2524 fieri
1384 2471 1479 2524 dudum
1503 2471 1625 2524 debebat:
1653 2473 1773 2540 ineptum

1209 2557 1275 2609 enim
1299 2561 1351 2619 est,
1371 2557 1564 2625 lideiyeleonem
1583 2545 1653 2625 ioqui
1674 2558 1774 2610 iacere:

1209 2642 1330 2715 ἐπιτρίψω
1347 2645 1415 2707 τινά,
1433 2659 1509 2712 quiam
1528 2643 1596 2695 senis
1614 2643 1710 2696 iudicis
1729 2646 1774 2707 sit‚

1212 2729 1307 2782 iudicio
1335 2730 1442 2798 aliquem
1468 2732 1606 2781 conierere.
1630 2758 1664 2767 -
1688 2730 1776 2782 Etiam

1209 2816 1276 2883 quod
1300 2832 1378 2893 supra
1401 2832 1424 2866 ν.
1444 2814 1494 2866 &asi
1516 2815 1610 2882 legitur
1628 2814 1710 2874 αὐτὸς
1729 2835 1774 2868 κο-

1209 2906 1315 2970 μιοῦμαι
1330 2903 1423 2969 (κομιῶ
1437 2903 1489 2969 μοι)
1502 2904 1610 2953 testatur
1624 2902 1773 2955 Phiioeieo·

1209 3004 1265 3039 nem
1292 2988 1375 3055 loqui,
1406 3003 1456 3039 non
1483 2986 1569 3037 tilium.
1615 2987 1664 3039 Cui
1693 3006 1774 3056 ιμιιιιιι

1208 3089 1296 3125 uersus
1313 3074 1430 3126 tribuerit
1443 3089 1500 3125 eum
1513 3072 1616 3141 irrigata
1630 3074 1776 3143 Hirschig..

1209 3158 1284 3211 ababa
1304 3159 1414 3226 scripsit.

1264 3263 1287 3296 ν.
1310 3244 1369 3297 833.
1403 3263 1433 3296 τι
1461 3262 1488 3313 γε
1515 3244 1673 3317 παραντίκατ
1706 3248 1722 3297 i.
1753 3264 1775 3299 e.

1206 3331 1236 3383 τὸ
1261 3329 1351 3382 αὐτίκα
1375 3329 1468 3401 παρόν,
1497 3333 1525 3381 ιιι
1548 3330 1626 3383 schol.
1655 3349 1775 3401 ortoque:

1208 3417 1236 3468 τὸ
1249 3417 1365 3489 παρανται
1383 3416 1469 3479 (scrib.
1482 3416 1634 3487 stupuerim)
1655 3416 1775 3489 εὑρισκό-

1210 3520 1284 3570 μενον
1310 3503 1365 3554 ἀντι
1387 3505 1432 3554 τοῦ
1460 3501 1614 3575 δρυφάκτου.
1648 3504 1684 3557 oi.
1708 3504 1774 3558 Lob.

1210 3590 1303 3657 Pbryn.
1322 3606 1346 3657 p.
1360 3589 1401 3641 ii.
1437 3588 1495 3641 b'ox
1514 3590 1582 3657 apud
1601 3593 1694 3657 poetas
1714 3592 1774 3654 neli-

1210 3690 1273 3743 quos
1291 3679 1316 3726 et
1334 3676 1470 3743 scriptores
1483 3675 1546 3727 satis
1558 3676 1688 3742 frenamus,
1702 3677 1773 3743 apud

1210 3762 1320 3813 comicos
1339 3762 1385 3813 boe
1402 3765 1501 3814 taratrum
1519 3762 1575 3813 loeo
1594 3767 1723 3829 superest.

1262 3864 1284 3897 ν.
1304 3846 1362 3900 834.
1404 3846 1557 3919 φιλοχιορίαι
1582 3847 1663 3899 schol.
1689 3848 1770 3900 δεινὸν

1210 3934 1241 3985 τὰ
1259 3933 1380 4006 ἐπιχώρια
1399 3933 1487 4005 φιλεῖν,
1506 3931 1568 3985 ὅπου
1586 3934 1630 3985 καὶ
1648 3932 1725 3994 οὗτος
1737 3936 1770 3987 τὰ

1209 4020 1234 4071 ἐν
1253 4019 1404 4091 δικαστηρίῳ
1424 4018 1492 4091 φιλεῖ
1506 4020 1599 4071 πάντα.

1259 4122 1282 4156 ν.
1310 4104 1368 4157 835.
1413 4105 1541 4156 xanthios
1568 4107 1668 4174 proruit
1696 4108 1767 4159 earnis

1208 4193 1301 4243 iurtnrn
1319 4191 1483 4244 indicaturus.
1518 4191 1611 4260 incipit
1630 4208 1708 4245 eausa
1727 4210 1767 4246 ca-

1211 4278 1282 4338 nina:v
1310 4277 1376 4328 iilius
1398 4278 1463 4329 etaim
1486 4276 1534 4330 hoe
1559 4278 1627 4330 iunio
1655 4294 1764 4331 eommo-

1210 4362 1312 4415 dissime.
1335 4364 1426 4426 utitm,
1452 4378 1502 4431 quio
1520 4365 1586 4432 patri
1606 4381 1709 4417 eattsam
1728 4366 1763 4416 in·

1209 4449 1334 4502 traducat.

1260 4552 1283 4589 ν,
1297 4535 1355 4587 sat.
1383 4534 1455 4604 βάλλ’
1469 4535 1493 4594 ἐς
1506 4536 1620 4607 κόρακας
1625 4559 1632 4612 3
1651 4538 1760 4605 proprie:

1210 4622 1290 4674 abiiee
1313 4622 1345 4674 ad
1369 4637 1465 4686 coruos,
1490 4638 1549 4675 nos:
1572 4622 1613 4674 boi
1638 4622 1694 4674 ‹iieh
1718 4621 1760 4673 der
