4484 5467
542 601 584 668 33
921 594 1112 655 rhemnon
1147 597 1262 654 osrvr
1277 597 1315 654 m

541 777 659 858 πάταγα
684 770 830 856 θυμέλαν.
874 770 968 846 Quasi
1002 770 1156 835 orchestra
1188 791 1250 835 uon
1276 769 1374 857 possit
1408 778 1550 858 aposta
1576 773 1695 859 thymele

540 885 651 952 vocari.
694 880 824 967 Triplici
844 886 948 945 autem
969 880 1069 945 solum
1090 882 1138 965 (τὸ
1162 880 1290 967 ἔδαφος)
1315 882 1431 948 theatri
1457 885 1564 951 utitur
1591 886 1696 970 signil-

540 1000 668 1079 catioue,
690 994 909 1060 diciturenim
932 996 951 1079 ἡ
976 996 1141 1081 ὀρχήστρα,
1163 997 1183 1077 ἡ
1207 995 1336 1081 hapsida,
1359 998 1379 1080 ἡ
1403 997 1562 1085 κανίστρα.
1606 997 1695 1082 Atque

540 1115 561 1196 ἡ
584 1111 725 1196 κονίοτρα
747 1105 872 1190 quidem
894 1104 1015 1191 proprie
1037 1103 1160 1185 dicitur,
1183 1125 1281 1187 quum
1295 1105 1444 1190 Dionysia
1467 1128 1533 1173 non
1548 1109 1695 1174 calabrar-

540 1230 602 1302 tur,
623 1226 644 1306 ἡ
668 1223 832 1308 ὀρχήστρα,
853 1237 950 1301 quum
971 1214 1174 1296 celebrantur,
1196 1217 1364 1303 ἡθυμέλη,
1386 1224 1556 1302 quatenus,
1580 1226 1619 1284 ut
1631 1219 1696 1284 lexi-

540 1332 683 1419 cographi
705 1332 804 1414 graeci
826 1330 949 1411 iubent,
971 1350 991 1393 a
1012 1328 1094 1394 iliaca
1118 1328 1247 1393 verbum
1268 1328 1439 1410 derivatur,
1468 1352 1532 1417 quo
1556 1333 1696 1423 βωμὸςί.

540 1468 566 1512 a.
588 1448 773 1533 τετράγωνον
797 1441 988 1528 οἰκοδόμημα
1009 1439 1094 1506 κενόν
1117 1441 1320 1524 significetur,
1341 1442 1479 1527 Dionyso
1501 1464 1645 1527 sacrum,
1669 1444 1696 1508 iu

541 1557 640 1622 medio
672 1554 842 1620 orchestrae
869 1554 934 1617 sive
961 1552 1110 1616 conistrae
1145 1552 1208 1617 solo
1241 1560 1441 1618 exstructum.
1494 1555 1582 1622 lllud
1610 1556 1696 1638 κενόν,

540 1669 624 1754 quod
642 1666 807 1733 Wioselero
829 1665 944 1749 negotii
959 1664 1081 1728 facessit
1095 1664 1240 1746 multum,
1263 1668 1308 1731 ita
1322 1666 1468 1753 explicari
1484 1666 1607 1753 optime
1620 1688 1698 1754 posse

541 1781 724 1871 putaverim,
745 1785 782 1844 ut
803 1780 844 1843 sit
865 1779 1103 1873 comparandum
1126 1800 1197 1844 cum
1218 1778 1412 1864 cenotaphio,
1434 1799 1589 1864 aramque
1610 1780 1697 1863 signi-

541 1896 611 1960 ficet
631 1894 664 1957 in
687 1892 816 1975 Dionysi
844 1892 989 1956 honorem
1018 1899 1206 1957 exstructam
1228 1891 1372 1975 quidem,
1399 1911 1501 1974 neque
1528 1898 1639 1957 umen
1663 1892 1697 1957 ad

540 2028 626 2072 sacra
646 2004 785 2089 legitima
807 2008 919 2087 aptam,
942 2024 1039 2087 quum
1060 2004 1217 2067 theatrum
1239 2002 1366 2084 Dionysi
1396 2023 1456 2067 non
1485 2004 1530 2068 sit
1550 2004 1698 2090 templum

541 2118 589 2182 dei
617 2118 667 2203 pie
700 2114 846 2180 adorandi
874 2115 1091 2199 sacrificiisque
1120 2114 1248 2192 colendi,
1275 2113 1329 2177 sed
1356 2112 1472 2178 donum
1499 2121 1611 2180 tamma
1633 2116 1698 2181 Dio

541 2232 620 2316 nysi.
663 2231 770 2313 ltaque
792 2249 845 2291 ara
867 2227 916 2291 dei
938 2248 1038 2291 carere
1061 2249 1122 2291 non
1145 2227 1307 2305 debemus,
1329 2246 1512 2311 quocunque
1540 2248 1614 2292 eam
1641 2227 1697 2293 loco

538 2344 731 2421 collocamus,
753 2341 827 2417 sive,
850 2345 886 2402 ut
901 2339 1007 2403 Graeci
1029 2339 1251 2424 praescribunt,
1273 2338 1308 2401 in
1328 2337 1430 2402 media
1446 2338 1617 2418 orchestra,
1639 2341 1697 2423 siya

539 2455 677 2541 proxime
704 2454 737 2515 τὸ
766 2456 886 2536 πρῶτον
920 2451 1006 2523 ξύλον
1031 2451 1099 2533 (cfr.
1121 2448 1270 2513 ll'ieseler
1295 2472 1326 2535 p.
1350 2451 1390 2514 19
1412 2450 1502 2534 sqq.).
1547 2450 1615 2515 Cur
1636 2471 1699 2516 uero

540 2567 625 2629 κενὸν
650 2561 842 2647 οἰκοδόμημα
863 2561 983 2624 dicatur
1005 2582 1067 2639 ara,
1091 2561 1184 2624 etiam
1207 2561 1269 2625 alia
1290 2582 1383 2625 causa
1402 2561 1437 2625 in
1452 2568 1594 2626 mentem
1608 2563 1696 2629 venit

540 2680 655 2744 Notum
683 2680 742 2753 est,
772 2680 803 2736 et
830 2672 944 2755 graecis
974 2672 1148 2736 auctoribus
1176 2679 1207 2735 et
1233 2693 1267 2736 re
1296 2674 1363 2758 ipsa
1383 2672 1579 2758 postulante,
1603 2675 1696 2740 solum

540 2787 668 2868 theatri,
697 2788 751 2870 τὴν
773 2786 944 2870 κονίστραν,
966 2805 1064 2868 quum
1086 2785 1192 2848 Graeci
1214 2784 1364 2868 Dionysia
1391 2784 1575 2850 celebraturi
1606 2793 1696 2863 erant,

540 2900 651 2985 ligneis
672 2896 970 2963 contabulationibus
992 2898 1103 2960 factam
1125 2918 1190 2961 esse
1212 2898 1412 2979 orchestram,
1440 2900 1494 2983 τὴν
1519 2900 1695 2987 ὀρχήστραν,

540 3015 574 3078 in
602 3032 663 3095 qua
690 3010 801 3075 saltare
834 3015 957 3093 possent
991 3008 1169 3088 choreutao;
1202 3009 1282 3073 hauc
1315 3031 1385 3074 vero
1418 3009 1695 3076 contabulationem

455 3166 458 3172 ,
540 3125 657 3208 aliquot
677 3121 769 3208 pedes
791 3119 841 3184 vel
862 3140 960 3183 unum
984 3124 1064 3182 certe
1085 3117 1181 3183 altam
1208 3120 1303 3184 luisse
1325 3142 1379 3206 per
1399 3142 1432 3184 sc
1454 3128 1600 3206 apparet,
1629 3121 1694 3205 quia

539 3238 573 3301 in
595 3233 821 3316 contignatione
843 3230 989 3293 collocata
1011 3234 1085 3292 erat.
1119 3230 1185 3293 lam
1208 3252 1260 3294 ara
1274 3230 1412 3314 Dionysi,
1435 3252 1530 3315 quam
1545 3252 1583 3295 ex
1599 3230 1693 3317 lapido

539 3352 651 3413 iactam
672 3348 707 3411 in
729 3344 861 3409 canistra
883 3348 1028 3427 perpetuo
1051 3342 1184 3406 adfuisse
1207 3349 1446 3407 consentaneum
1468 3348 1524 3421 est,
1555 3344 1605 3408 his
1628 3344 1692 3409 sub

539 3457 757 3524 structionihus
780 3464 810 3517 et
831 3451 1075 3516 contabulatione
1098 3460 1153 3517 aut
1173 3460 1238 3517 tota
1260 3460 1315 3517 aut
1335 3474 1373 3516 ex
1394 3474 1508 3536 magna
1534 3462 1624 3539 parte
1646 3454 1691 3519 oh

539 3572 707 3655 tegebatur.
752 3570 850 3644 Quare
873 3566 1007 3647 ligneam
1028 3585 1114 3628 aram
1135 3587 1227 3650 super
1249 3566 1367 3630 obtecta
1394 3566 1449 3629 illa
1470 3572 1629 3630 exstruere
1649 3586 1691 3629 co

539 3684 600 3747 acti
627 3687 729 3761 erant,
757 3701 854 3763 quum
881 3698 967 3740 aram
994 3699 1050 3763 per
1082 3678 1147 3741 dies
1175 3677 1337 3742 sollemnes
1359 3678 1450 3763 plane
1471 3697 1510 3741 ex
1531 3685 1691 3764 conspectu

539 3795 700 3858 hominum
722 3811 875 3854 remouere
898 3808 958 3851 non
981 3789 1026 3851 las
1050 3794 1139 3852 esset.
1183 3788 1290 3872 ltaque
1318 3790 1352 3853 τὸ
1380 3790 1464 3853 κενὸν
1494 3789 1691 3877 οἰκοδόμημα,

540 3927 650 3972 cavum
672 3925 742 3968 arae
763 3909 986 3986 tegumentum,
1009 3923 1078 3967 arae
1101 3901 1234 3986 speciem
1256 3902 1426 3966 exhibebat.
1449 3893 1606 3988 'Vtraque
1628 3923 1691 3985 ergo

539 4020 657 4083 ratione
677 4016 873 4101 perspicuum
894 4017 944 4098 fit,
972 4014 1047 4098 quid
1068 4014 1128 4078 sibi
1150 4014 1225 4077 velit
1246 4016 1331 4080 κενὸν
1355 4013 1557 4100 οἰκοδόμημα,
1579 4014 1691 4100 perspi·

540 4153 633 4197 cuum
655 4148 790 4213 quoque,
817 4127 972 4190 theatrum
994 4126 1138 4208 Dionysi,
1168 4124 1300 4188 alterum
1325 4126 1414 4209 quasi
1441 4126 1548 4188 lanum
1577 4125 1637 4205 dei,
1662 4127 1692 4190 in

541 4267 600 4331 quo
626 4248 749 4307 tantum
772 4261 836 4303 ‚non
865 4239 1013 4302 sacrificia
1039 4245 1205 4323 peragunt,
1235 4259 1289 4301 ara
1317 4258 1375 4302 sua
1403 4258 1464 4302 non
1486 4238 1631 4303 caruisse.
1654 4276 1690 4286 -

540 4357 600 4420 Sed
622 4356 655 4419 in
678 4354 747 4418 aliis
761 4373 881 4437 quoque
903 4353 993 4417 rebus
1016 4372 1077 4415 non
1093 4350 1236 4414 convenit
1250 4351 1328 4414 mihi
1342 4372 1414 4414 cum
1430 4350 1494 4414 viro
1509 4350 1691 4429 doctissimo,

540 4489 636 4551 quum
663 4468 697 4531 in
724 4466 878 4553 plerisque
901 4465 939 4527 ad
962 4466 997 4528 G.
1020 4464 1193 4528 Hermanni
1215 4464 1405 4547 aliorumque
1427 4464 1597 4529 sententias
1612 4487 1692 4529 acce-

539 4578 620 4644 dam.
664 4580 805 4645 Primum
827 4577 908 4663 quod
926 4578 963 4641 de
985 4575 1199 4658 magnitudine
1221 4575 1384 4659 thymelae,
1407 4597 1501 4661 quam
1522 4583 1619 4657 vocat,
1642 4600 1692 4641 ex·
