4484 5467
540 573 600 636 134
925 573 1115 630 Paolnoou.
1150 574 1263 629 clrvr
1279 573 1317 628 1v

538 745 619 821 Quos
640 763 738 828 quum
759 743 958 828 Harpocratio
979 746 1133 830 ceterique
1160 766 1287 811 munere
1314 747 1560 812 tabellariorum
1589 747 1692 810 modos

538 876 604 920 esse
624 854 746 920 silentio
767 856 1038 940 praetermiserint,
1060 858 1115 923 hos
1137 859 1315 924 echinorum
1336 859 1484 925 custodes
1499 859 1691 924 diaetetmun

539 966 664 1052 quidem
685 988 798 1033 nomen
825 987 925 1052 neque
951 975 1055 1034 tamen
1083 970 1170 1035 aliud
1191 971 1267 1057 quid
1288 992 1359 1036 cum
1382 971 1516 1037 arbitris
1542 991 1690 1037 commune

539 1079 682 1145 habuisse
714 1079 855 1144 dixerim.
873 1131 879 1143 .
900 1081 977 1146 Vtut
1009 1082 1083 1147 haec
1115 1103 1149 1148 se
1181 1083 1310 1162 habent,
1348 1082 1477 1148 echinos
1512 1084 1551 1148 in
1585 1082 1689 1148 iudiu'is

539 1197 659 1278 praesto
680 1193 776 1258 fuisse
797 1192 892 1277 inque
913 1193 1061 1259 tribunali
1084 1194 1237 1273 collocata,
1259 1217 1313 1281 per
1335 1216 1368 1260 se
1383 1201 1688 1261 consentaneumest

625 1303 707 1368 XVI.
751 1302 833 1368 Satis
860 1304 898 1368 de
924 1306 1027 1386 urnis3
1061 1307 1098 1372 de
1133 1308 1297 1395 clepsydra
1324 1328 1373 1372 res
1401 1308 1512 1373 minus
1543 1307 1689 1394 perspicua

540 1421 595 1480 est
645 1416 741 1481 Cuius
774 1416 914 1482 Comicus
946 1418 1086 1503 pluribus
1119 1419 1194 1485 locis
1227 1419 1370 1486 meminit
1402 1425 1440 1485 ut
1474 1420 1523 1486 rei
1558 1440 1689 1506 perquam

540 1527 737 1607 necessariae,
759 1534 796 1593 ut
817 1529 907 1615 Vesp.
930 1531 1010 1595 856:

995 1646 1092 1710 πάντα
1114 1646 1152 1729 δὴ
1176 1647 1299 1731 ποίρεστι
1321 1651 1381 1731 eois

739 1751 820 1819 ύαυνν
844 1752 987 1840 δεύμεθα,
1008 1758 1087 1841 πλήν
1110 1781 1145 1842 γε
1166 1758 1204 1841 δὴ
1228 1761 1283 1842 τῆς
1304 1756 1487 1843 κλεψύδρας,

542 1868 574 1928 et
592 1884 622 1929 v.
645 1864 701 1929 93:

721 1978 737 2041 δ
760 1980 833 2048 νοῦς
855 1977 970 2045 πέτεται
992 1980 1045 2064 τὴν
1068 1980 1159 2045 νύκτα
1181 1981 1247 2067 περὶ
1268 1981 1322 2065 τὴν
1345 1979 1530 2067 κλεψύδραν,

542 2092 574 2154 et
593 2087 728 2154 Acharn.
751 2089 829 2154 694:

541 2206 634 2267 ταῦτα
655 2204 722 2274 πῶς
744 2200 853 2282 εἰκότα,
875 2202 992 2289 γέροντ’
1018 2202 1165 2269 ἀπολέσαι
1188 2204 1293 2268 πολιὸν
1317 2200 1411 2289 ἄνδρα
1429 2204 1496 2291 περὶ
1509 2206 1691 2292 κλεψύδραν,

542 2313 602 2378 cfr.
624 2313 739 2378 Eubuli
760 2334 867 2379 versus
890 2335 939 2401 op.
960 2314 1053 2380 Mein.
1077 2314 1161 2381 Com.
1183 2315 1237 2397 ΠΙ,
1260 2316 1332 2380 241.
1376 2314 1427 2379 Ad
1447 2315 1544 2401 Vesp.
1561 2318 1605 2383 93
1619 2317 1694 2382 scho

541 2426 646 2491 liasta:
670 2429 737 2512 περὶ
757 2427 811 2510 τὴν
834 2427 1002 2512 κλεψύδραν
1026 2429 1089 2492 ἀντὶ
1109 2432 1165 2492 τοῦ
1189 2430 1255 2514 περὶ
1269 2429 1302 2493 τὸ
1319 2429 1522 2514 δικαστήριον.
1547 2430 1695 2517 κλεψύδρα

540 2540 598 2626 γὰρ
620 2540 741 2623 ἀγγεῖον
764 2537 960 2625 τετρημένον,
989 2539 1019 2603 ἐν
1050 2533 1182 2626 ψύδιυρ
1212 2539 1342 2628 ἔβαλλον
1364 2542 1414 2605 καὶ
1441 2540 1512 2604 εἴων
1540 2542 1605 2628 ῥεῖν
1634 2542 1696 2628 ἄχρι

540 2653 619 2723 τινὸς
646 2651 726 2735 ὀπῆς
747 2652 798 2716 καὶ
826 2652 923 2721 ούτως
946 2650 1060 2717 ἔπαυον
1083 2651 1133 2718 τδν
1160 2654 1281 2739 ῥήτορα.
1318 2656 1407 2717 τοῦτο
1438 2652 1472 2715 δὲ
1504 2653 1633 2720 ἐποίουν
1655 2654 1697 2719 διὰ

541 2765 575 2828 τδ
598 2767 742 2852 φλυαρεῖν
765 2763 815 2829 τδν
839 2763 964 2849 λέγοντα
987 2766 1036 2829 καὶ
1059 2765 1230 2850 ἐμποδίζειν
1255 2764 1358 2839 ἄλλοις
1374 2764 1501 2829 θέλουσι
1524 2766 1635 2851 λέγειν,
1655 2765 1715 2832 ἵνα-

541 2878 577 2942 τὰ
600 2879 752 2941 σπουδαῖα
773 2875 862 2950 λέξας
883 2876 1003 2961 ἐξέλθῃ.
1047 2875 1127 2941 Puto
1148 2875 1344 2941 scribendum
1365 2896 1431 2941 esse
1453 2876 1559 2942 διὰτὸ
1586 2880 1628 2964 μὴ
1652 2884 1696 2965 φλ.

541 3014 565 3054 τ.
582 2992 609 3054 λ
634 2990 711 3075 μηδὲ
734 2989 822 3076 ἐρπ.;
843 2993 912 3062 tum
926 2988 1062 3052 Venetus
1075 2986 1168 3052 habet
1191 2988 1298 3073 λέγων,
1321 2986 1402 3073 quod
1416 2986 1529 3054 melius
1544 2995 1596 3055 est
1609 3012 1697 3077 quam

543 3103 640 3183 λέξας,
662 3101 724 3168 nisi
746 3101 836 3168 malis
859 3102 954 3176 λέξων
977 3100 1116 3166 scribere.
1159 3098 1265 3185 Neque
1286 3106 1391 3165 tamen
1413 3098 1457 3165 sio
1478 3100 1636 3168 scholium
1654 3124 1697 3168 sa·

541 3238 618 3281 num
640 3221 696 3280 est.
739 3214 790 3278 Ad
811 3212 1001 3299 clepsydram
1021 3212 1225 3297 loquebantur
1246 3217 1393 3291 oratores,
1415 3232 1454 3276 ne
1475 3211 1698 3280 hariolarentur

541 3335 596 3396 aut
617 3331 807 3411 nugarentur
828 3347 905 3393 neve
927 3326 1035 3392 ceteris
1056 3326 1175 3391 iustum
1196 3325 1342 3411 loquendi
1364 3331 1484 3412 tempus
1508 3326 1698 3393 deminuere-

541 3449 607 3507 turt
638 3439 708 3504 Non
729 3442 834 3506 tamen
856 3441 895 3506 ad
907 3440 1106 3527 clepsydram
1127 3439 1213 3523 loqui
1234 3438 1312 3503 iussi
1333 3444 1430 3520 erant,
1452 3438 1535 3522 quod
1556 3439 1698 3507 hariolari

541 3561 572 3620 et
594 3552 704 3635 nugari
725 3560 916 3618 consuerant.
961 3552 1061 3629 Quare
1082 3549 1194 3615 melius
1215 3549 1307 3628 foret,
1330 3550 1357 3613 si
1378 3549 1542 3616 scholiasta
1564 3554 1696 3641 explica·

541 3671 588 3731 ret
609 3666 671 3729 fere
691 3665 751 3729 its:
783 3665 822 3729 ‘la'
849 3665 924 3729 δτὰ
947 3666 1114 3742 σπουδαῖα,
1141 3662 1163 3725 i.
1186 3682 1212 3725 e.
1236 3664 1400 3747 ἀναγκαῖα,
1429 3661 1526 3736 λέξων
1550 3666 1698 3753 παρέλδρ.

542 3777 684 3845 Oratores
705 3777 873 3843 sexcenties
894 3781 1042 3842 vocantur
1065 3777 1092 3840 oi
1115 3772 1278 3861 παριόντες.
1322 3772 1444 3839 Sufficit
1465 3793 1607 3860 monere,
1633 3785 1698 3843 tum

542 3890 637 3957 etiam
659 3889 839 3956 concinnius
867 3888 959 3955 scribi
987 3887 1121 3975 potuisse
1150 3888 1238 3953 ἕνεκα
1260 3890 1314 3950 τοῦ
1340 3888 1381 3972 μὴ
1407 3890 1551 3973 φλυαρεῖν
1575 3910 1632 3974 pro
1654 3892 1700 3956 διὰ

541 4007 575 4071 τὸ
601 4005 642 4092 μὴ
667 4007 716 4090 φλ.
739 4040 781 4050 -
802 4001 840 4066 In
867 3999 961 4088 priori
990 4004 1094 4064 autem
1122 3998 1231 4064 scholii
1253 4002 1339 4082 parte
1361 3995 1501 4097 displicet
1530 3999 1603 4087 ἄχρι
1625 4003 1700 4073 τινὸς

542 4120 636 4204 ὀπῆς,
666 4118 746 4202 quod
774 4116 826 4180 vix
854 4113 1003 4197 intelligo.
1048 4111 1152 4194 Cogito
1174 4111 1257 4176 enim
1285 4110 1476 4198 clepsydram
1502 4131 1618 4178 urnam
1638 4114 1701 4179 sive

541 4229 704 4298 vasculum
724 4229 819 4296 fuisse
841 4228 875 4292 in
896 4226 1005 4291 infima
1030 4230 1118 4310 parte
1146 4224 1310 4310 perexiguo
1332 4222 1480 4287 foramine
1502 4224 1714 4309 perforatum

541 4367 596 4432 per
617 4345 699 4430 quod
720 4365 800 4429 aqua
821 4341 924 4406 infusa
946 4344 1118 4416 emanaret3
1141 4358 1253 4421 equam
1276 4341 1380 4401 autem
1398 4342 1454 4403 aut
1473 4336 1570 4402 libere
1592 4340 1628 4403 in
1642 4345 1702 4406 ter-

541 4479 608 4522 ram
631 4456 772 4539 stillasse,
795 4455 876 4539 quod
897 4454 1002 4518 minus
1025 4451 1209 4517 conveniens
1225 4455 1351 4538 apparet
1372 4472 1447 4529 esse,
1470 4458 1525 4516 aut
1547 4451 1586 4516 ab
1608 4452 1703 4518 altero

543 4569 667 4633 vasculo
694 4567 837 4635 inferiore
867 4573 1040 4653 exceptam,
1070 4586 1168 4649 quum
1193 4570 1258 4630 tota
1284 4568 1471 4644 emanasset,
1498 4561 1533 4625 in
1561 4563 1704 4647 superius
