4484 5467
646 658 691 712 oo
708 657 878 713 IVDICIBVS
896 655 1153 712 ATHENIENSIVM
1170 653 1349 722 nussvsovu
1367 654 1592 714 IVDIOIALIBVS
1653 660 1694 725 95

533 830 633 895 Vnde
653 830 801 915 sequitur,
822 836 859 894 ut
882 834 1033 925 quartam,
1055 830 1182 893 fortasse
1203 829 1295 894 etiarn
1310 830 1435 895 tertiam
1448 839 1567 916 partem
1581 831 1696 899 civium

536 942 671 1027 seligere
694 942 865 1021 debeamus,
887 942 943 1025 qui
961 941 1100 1005 iudicum
1114 962 1242 1006 munere
1257 947 1348 1026 atque
1363 942 1460 1007 officio
1473 941 1562 1027 fungi
1575 952 1698 1031 propter

539 1058 677 1119 aetatem
698 1073 761 1117 non
782 1054 946 1139 potuerint.
990 1052 1038 1117 Sit
1059 1053 1155 1137 igitur
1175 1074 1332 1155 numerus,
1360 1054 1414 1138 qui
1435 1062 1581 1141 superest,
1604 1057 1696 1141 quin-

539 1166 645 1229 decim
671 1165 808 1244 milium3
829 1166 894 1229 iam
914 1166 986 1229 huic
1008 1165 1137 1230 deerunt
1157 1186 1276 1245 omnes,
1300 1167 1353 1250 qui
1376 1172 1461 1231 extra
1482 1168 1619 1233 Atticam
1639 1171 1695 1235 sti·
1764 1216 1766 1220 -

539 1275 657 1363 pendia
684 1283 819 1355 merent,
846 1278 901 1361 qui
928 1277 1098 1356 mercandi,
1127 1278 1356 1364 peregrinandi,
1384 1278 1449 1361 agri
1476 1279 1610 1361 colendi,
1631 1284 1696 1347 ruri

539 1388 715 1471 habitandi,
738 1394 950 1454 sexcentarum
971 1410 1133 1454 causarum
1160 1410 1254 1456 cauea
1274 1390 1333 1456 iter
1354 1392 1477 1473 habent,
1500 1393 1554 1476 qui
1575 1394 1695 1459 valetu-

540 1501 616 1565 dine
644 1500 786 1586 impediti
814 1507 903 1581 sunt,
932 1501 1063 1587 denique
1090 1523 1195 1567 omnes
1223 1509 1322 1567 aetate
1349 1503 1443 1568 nimis
1464 1506 1607 1589 provecti.
1649 1506 1696 1570 En

539 1614 672 1679 alteram
699 1614 792 1677 habes
819 1634 947 1699 eamque
976 1634 1037 1678 non
1063 1614 1214 1680 minorem
1240 1620 1373 1700 partem,
1403 1636 1464 1699 qua
1491 1623 1607 1682 semota
1633 1638 1696 1683 non

538 1726 676 1811 amplius
705 1725 808 1790 decem
835 1725 922 1790 milia
949 1730 1081 1808 restant,
1114 1748 1132 1790 e
1159 1726 1271 1812 quibus
1303 1728 1422 1793 iudices
1448 1729 1512 1794 sint
1539 1729 1694 1826 sortiendi.

540 1837 606 1902 Sed
631 1858 671 1911 ne
698 1837 781 1902 hune
807 1837 932 1923 quidem
960 1859 1125 1903 numerum
1151 1845 1271 1924 praesto
1292 1840 1385 1905 fuisse
1407 1840 1569 1922 contendo,
1598 1862 1697 1926 neque

540 1950 628 2014 enim
650 1970 787 2033 unquam
809 1950 885 2033 legi,
908 1950 1024 2015 iudices
1046 1972 1065 2014 a
1086 1951 1332 2034 magistratibus,
1355 1951 1466 2037 quibus
1487 1952 1521 2017 id
1541 1954 1697 2037 negotium

541 2062 722 2139 obvenerat,
751 2067 830 2127 sorte
852 2062 960 2127 electos
981 2063 1048 2148 ipsa
1068 2063 1127 2127 hac
1148 2063 1305 2128 sortitione
1325 2069 1474 2149 tanquam
1495 2062 1589 2129 altero
1615 2066 1697 2130 iure-

543 2174 676 2239 iurando
691 2174 848 2239 obstrictos
868 2175 971 2256 fuisse,
994 2180 1029 2238 ut
1043 2175 1118 2239 satis
1133 2176 1268 2239 facerent
1288 2174 1449 2256 sortitioni,
1471 2176 1493 2240 i.
1508 2198 1534 2241 e.
1557 2182 1593 2241 ut
1614 2178 1697 2242 iudi-

541 2292 650 2351 carent
671 2287 802 2367 evocati;
824 2307 923 2371 neque
944 2286 1032 2352 video
1055 2286 1131 2351 alios
1152 2285 1309 2352 iudicandi
1331 2287 1457 2374 cupidos
1469 2288 1564 2354 fuisse
1578 2296 1698 2375 praeter

540 2418 631 2463 senes
659 2405 691 2462 et
717 2419 874 2485 pauperes.
922 2399 1021 2475 Quare
1049 2398 1184 2463 iuniores
1212 2400 1332 2486 opinor,
1361 2400 1415 2483 qui
1437 2400 1523 2485 equis
1545 2402 1647 2487 potius
1669 2409 1700 2465 et
1740 2486 1745 2493 ρ

539 2512 626 2576 ludis
648 2510 923 2596 qualibuscunque,
945 2512 999 2595 qui
1021 2512 1093 2576 vino
1115 2511 1279 2595 venerique
1301 2511 1397 2577 dediti
1425 2512 1525 2599 epulis
1546 2514 1647 2599 potius
1669 2521 1700 2578 et

541 2622 857 2701 comissationibus,
891 2642 983 2706 quam
1018 2623 1142 2688 iudiciis
1174 2623 1362 2709 tricboloque
1389 2625 1470 2690 socio
1496 2625 1699 2708 delectantur3

544 2738 624 2800 item
651 2734 790 2816 ditiores,
824 2755 996 2821 quoscum
1023 2736 1110 2800 tenui
1142 2734 1234 2818 vulgo
1266 2736 1410 2822 opificum
1437 2743 1468 2801 et
1494 2740 1699 2825 ἀγραμμάτων

541 2848 628 2913 idem
651 2846 782 2931 lignum,
796 2849 978 2935 ’τὸτρῶτον
1003 2849 1100 2926 ξύλον,
1123 2851 1218 2909 terere
1238 2847 1348 2926 taedet,
1370 2848 1544 2913 societatem
1557 2849 1702 2933 sugerunt

541 2960 735 3044 reliquorum
763 2963 822 3024 τῶν
852 2964 1065 3047 ριλιγλιαστῶν.
1109 2958 1169 3043 (De
1191 2959 1327 3042 ‘quorum
1353 2980 1480 3026 numero
1505 2981 1534 3025 v.
1556 2961 1700 3047 Harpocr.

542 3096 567 3137 s.
591 3073 687 3160 χίλιοι
710 3071 881 3155 διακόσιοι.)
924 3072 966 3136 Vt
987 3071 1082 3154 igitar
1104 3070 1251 3134 concedas
1273 3091 1310 3134 ex
1331 3090 1436 3135 annua
1462 3071 1619 3136 sortitione
1648 3095 1701 3138 sex

541 3183 634 3248 milia
661 3182 798 3247 iudicum
825 3183 931 3247 effecta
958 3204 1039 3266 esse,
1067 3185 1088 3247 i.
1111 3205 1137 3247 e.
1165 3183 1291 3247 nomina
1311 3204 1417 3248 eorum
1437 3183 1605 3268 perscripta
1622 3204 1700 3264 esse,

542 3305 651 3363 tamen
684 3297 766 3360 hunc
798 3316 963 3361 numerum
995 3315 1134 3381 unquam
1166 3294 1323 3381 expletum
1357 3315 1421 3359 esse
1455 3294 1612 3361 ostendere
1639 3316 1701 3359 non

542 3410 680 3498 poteris:
720 3408 826 3503 Fuisse
855 3427 974 3493 quoque
996 3409 1029 3471 in
1059 3408 1164 3472 Attica
1190 3413 1238 3471 sat
1269 3406 1399 3491 multos,
1431 3409 1486 3494 qui
1517 3408 1701 3472 iudiciorum

542 3522 703 3588 molestias
717 3527 748 3585 et
762 3520 940 3603 languorem
953 3522 1102 3604 fugerent,
1118 3520 1259 3585 Comicus
1273 3520 1392 3603 egregie
1405 3526 1536 3585 testatur
1550 3520 1608 3584 Av.
1622 3521 1699 3584 107:

632 3634 688 3719 Ep.
710 3623 839 3698 ποδαπὼ
860 3634 894 3697 τὸ
916 3633 1016 3719 γένος
1032 3612 1144 3717 Ἔποψ.
1167 3632 1237 3698 ὅθεν
1260 3635 1290 3697 αἱ
1311 3634 1440 3720 τριήρεις
1465 3636 1495 3698 αἱ
1516 3635 1614 3698 καλαί.

632 3746 688 3832 Ep.
713 3750 777 3831 μῶν
801 3748 944 3832 ἡλιαστά;
966 3743 1073 3829 Euelp.
1097 3746 1198 3831 μάλλὰ
1218 3746 1349 3833 θατέρου
1371 3744 1494 3831 τρόπου,

709 3860 887 3944 ἀπηλιαστά.
930 3856 985 3941 Ep.
1009 3858 1157 3944 occiperet
1179 3858 1235 3944 γὰρ
1257 3858 1340 3922 τοῦτ’
1365 3859 1430 3922 ἐκεῖ

707 3971 740 4033 τὸ
764 3968 891 4057 οπέρμ’;
913 3968 1020 4054 Euelp.
1043 3971 1144 4055 ὀλίγον
1168 3974 1266 4056 ζητῶν
1290 3970 1324 4035 ἂν
1348 3972 1380 4043 ἐξ
1403 3973 1499 4055 ἀγροῦ
1523 3974 1636 4060 λάβοις.

545 4082 587 4149 ad
614 4102 693 4168 quae
720 4080 826 4145 schot:
858 4087 949 4146 τοῦτο
977 4082 1070 4167 λέγει,
1099 4082 1142 4146 ὅτι
1173 4084 1201 4145 ci
1231 4081 1366 4169 ἄγροικοι
1397 4080 1483 4168 μόνοι
1510 4084 1581 4147 εἰσὶν
1605 4086 1633 4146 οἱ
1657 4084 1699 4167 μὴ

545 4187 770 4285 φιλοδιταπαί,
799 4197 841 4265 ὡς
869 4195 978 4278 ὀλίγον
1008 4192 1102 4259 ὄντων
1124 4199 1184 4260 τῶν
1209 4196 1373 4280 μισοδίκιον
1395 4196 1578 4260 καὶτούτων
1602 4195 1700 4279 ἀγροί·

545 4334 621 4374 κων.
664 4306 744 4390 Ergo
765 4307 820 4391 qui
841 4306 906 4369 ruri
928 4306 1077 4385 habitant,
1098 4306 1215 4370 iudices
1237 4306 1304 4369 fieri
1324 4306 1443 4370 nolunt.
1486 4308 1603 4370 Amant
1629 4325 1701 4370 vero

545 4430 578 4487 et
599 4444 687 4487 aenea
709 4424 740 4483 et
757 4442 912 4505 pauperae
933 4411 1072 4483 iudicum
1094 4420 1229 4483 officium
1250 4417 1379 4503 explere.

633 4532 688 4597 III.
723 4533 771 4597 Ac
791 4531 876 4616 prius
898 4529 1036 4615 quidem,
1058 4529 1202 4595 videlicet
1222 4543 1416 4605 senectutem
1444 4532 1509 4615 ipse
1530 4530 1707 4616 Vesperum.

546 4648 658 4715 chorus
679 4644 820 4727 testatur,
843 4644 952 4709 aetatis
974 4649 1126 4729 peractae,
1147 4644 1297 4729 pristinae
1318 4643 1707 4729 virtutiqubiquememor
