4484 5467
551 646 592 710 96
931 642 1119 698 Paoauoou.
1155 640 1268 694 GAPV'P
1285 640 1322 695 lv

552 817 595 901 (u.
618 816 690 880 231.
713 816 784 880 236.
808 815 881 879 268.
905 814 976 879 355.
998 815 1072 878 441.
1098 815 1180 879 1060
1195 816 1288 899 sqq.);
1310 813 1551 896 Philocleonem‚
1576 822 1700 884 cociam

552 931 624 1013 στὴν
652 942 760 1006 01111111,
788 926 922 1014 appellat
948 946 1052 992 senem
1080 948 1108 990 ν.
1131 926 1203 990 278.
1227 926 1305 1005 355,
1327 927 1403 991 item
1424 927 1584 994 Xanthias
1605 943 1701 995 servus

539 1040 682 1104 eundem
696 1062 725 1105 v.
742 1039 813 1104 395.
852 1038 1003 1103 Philoclen
1025 1038 1089 1123 ipse
1112 1037 1149 1101 de
1171 1058 1203 1102 se
1224 1037 1306 1101 idem
1320 1038 1479 1124 praedicat
1493 1042 1617 1106 v.·195.
1633 1027 1700 1107 550:

478 1222 482 1230 ,
613 1154 641 1217 τί
662 1154 718 1238 γὰρ
740 1150 883 1237 εὔδαιμον
906 1153 955 1216 καὶ
978 1151 1158 1237 μακαριστὸν
1183 1155 1296 1235 μᾶλλον
1318 1156 1371 1217 νῦν
1394 1154 1457 1217 ἐστι
1481 1156 1639 1232 δικαστοῦ,

613 1266 631 1349 ἢ
654 1265 875 1351 τρυφερώτερον
897 1264 917 1348 ἣ
941 1260 1103 1347 δεινότερον
1129 1267 1208 1349 ζῷον
1223 1266 1281 1329 καὶ
1301 1269 1394 1330 ταῦτα
1416 1265 1578 1351 γέροντος

549 1378 584 1439 111
606 1376 709 1459 liquit.
732 1375 794 1439 255
817 1375 887 1440 0100
917 1373 1055 1438 iudicum
1076 1374 1249 1439 Atticorum
1271 1395 1335 1441 non
1356 1377 1440 1441 chori
1468 1376 1627 1442 auxilium
1648 1378 1698 1442 im·
1730 1423 1733 1427 -

548 1487 671 1573 plorans
693 1486 820 1551 clamat:
849 1487 874 1549 ὦ
897 1487 1033 1572 γέροντες
1055 1489 1205 1570 ἡλιασταί.
1248 1486 1347 1551 Schol.
1370 1488 1460 1572 Vesp.
1485 1489 1551 1553 225
1580 1492 1617 1555 τὰ
1645 1490 1698 1556 κέν

547 1625 601 1687 τρα
630 1602 664 1663 ἐκ
691 1606 746 1683 τῆς
774 1600 887 1686 ὀσφύος
914 1598 1060 1683 explicat:
1090 1599 1236 1684 πεποίηκε
1263 1602 1296 1663 δὲ
1322 1605 1413 1665 τοῦτο
1436 1602 1485 1665 διὰ
1507 1602 1543 1665 τὸ
1567 1602 1640 1673 τοὺς
1660 1602 1698 1687 γέ·

548 1736 653 1798 ροντας
685 1713 735 1775 καὶ
765 1693 844 1784 τοὺς
873 1712 1011 1781 δικαστὰς
1048 1709 1215 1796 ὁίυχόλους
1251 1711 1326 1775 εἶναι
1363 1714 1413 1775 καὶ
1448 1714 1535 1799 δίκην
1580 1719 1698 1800 σφηκῶν

546 1821 799 1910 τιτρώσκεινταῖς
821 1823 931 1908 λόγοις.
976 1822 1035 1886 cfr.
1058 1821 1153 1886 schol.
1175 1804 1271 1907 Vespss
1291 1823 1386 1886 1110.
1408 1824 1501 1887 1111.
1524 1823 1609 1889 Plut
1633 1827 1698 1890 912.

547 1933 677 1998 Omnem
704 1933 927 2001 dubitationem
957 1954 1067 1998 senum
1094 1934 1340 1997 Acharnensium
1369 1934 1478 1999 chorus
1514 1936 1617 2017 tollit,
1651 1937 1699 2022 qui

547 2068 608 2110 non
630 2047 728 2111 solum
758 2047 795 2111 dc
821 2047 968 2112 molestiis
998 2046 1166 2111 sortitionis
1195 2046 1348 2130 queritur,
1382 2045 1435 2110 sed
1462 2033 1561 2111 etiam
1589 2048 1698 2113 malua

546 2160 712 2225 multorum
745 2159 860 2223 civium
889 2159 1080 2224 voluntatem
1106 2159 1224 2223 indicat
1250 2159 1491 2223 vom-718.
1535 2160 1575 2223 In
1597 2161 1698 2226 eadem

546 2272 649 2337 fabula
671 2271 858 2357 Dicaeopolis
880 2292 974 2335 senex
995 2293 1025 2336 v.
1049 2272 1126 2336 375:

750 2388 809 2449 τῶν
833 2384 861 2448 δ’
886 2382 924 2447 αὖ
947 2383 1093 2470 γερόντων
1118 2384 1188 2447 οἶδα
1210 2384 1262 2453 τὰς
1285 2384 1384 2468 ψυχὰς
1406 2380 1449 2446 ὅτι

754 2496 840 2560 οὐδὲν
865 2495 1023 2583 βλέπουσιν
1048 2496 1124 2560 ἄλλο
1147 2497 1225 2579 πλὴν
1250 2497 1344 2581 ψήφῳ
1367 2497 1477 2559 δακεῖν.

545 2608 659 2673 Parum
686 2606 816 2673 subsidii
844 2605 1005 2671 scholiasta
1031 2606 1076 2670 Pl.
1106 2607 1170 2672 330
1196 2606 1336 2692 praebet:
1366 2608 1395 2670 ἐν
1423 2614 1464 2690 τᾷ
1491 2610 1642 2698 ἐκκλησίᾳ
1669 2613 1693 2677 δ’

547 2721 644 2792 οὐδεὶς
672 2722 821 2798 ἐδίκαζεν,
855 2721 881 2783 εἰ
911 2721 951 2806 μὴ
983 2720 1119 2807 ἐπέβαινε
1147 2723 1206 2783 τῶν
1232 2718 1257 2791 ξ’
1283 2718 1354 2803 (60)
1376 2720 1529 2786 ἐνιαυτῶν.
1570 2722 1639 2788 ὅσοι
1667 2725 1695 2788 δὲ

544 2834 658 2903 τελείας
679 2833 797 2917 ἡλικίας
817 2831 906 2917 ἦσαν,
929 2833 1106 2917 εἰαήρχαντα
1131 2833 1183 2916 μὲν
1207 2833 1248 2901 εἰς
1270 2832 1323 2915 τὴν
1352 2832 1527 2917 ἐκκλησίαν,
1559 2835 1619 2900 οὐκ
1645 2837 1695 2901 ἐδι-

543 2950 634 3018 καζον
658 2944 700 3022 δέ,
723 2944 783 3008 nisi
803 2965 858 3030 pro
883 2943 909 3017 ξ’
934 2940 1083 3008 scribasl'
1108 2944 1198 3007 ἐτῶντ
1221 2964 1295 3008 nam
1310 2944 1376 3009 ὅσοι
1391 2945 1505 3015 τελείας
1520 2946 1644 3029 ἡλικίας
1660 2985 1694 2994 -

542 3056 566 3119 ii
588 3063 675 3139 suut,
704 3057 759 3142 qui
780 3057 891 3141 viginti
913 3078 1009 3122 annos
1031 3056 1098 3120 nati
1120 3056 1252 3121 comitiis
1274 3057 1420 3122 interesse
1449 3062 1608 3142 poterant3
1637 3059 1695 3123 illis

543 3168 686 3253 oppositi,
714 3170 769 3253 qui
794 3154 923 3253 triginta
949 3167 1004 3253 (λ’)
1032 3188 1128 3233 annos
1150 3168 1217 3232 nati
1238 3168 1354 3233 iudices
1376 3169 1499 3234 fiebant.
1544 3169 1695 3255 Vtrosque

507 3302 510 3308 ¹
542 3263 573 3344 et
593 3282 760 3346 vicenarios
782 3288 813 3345 et
833 3281 1010 3345 tricenarius
1033 3279 1222 3345 ecclesiastes
1243 3282 1354 3360 uocari,
1378 3302 1416 3345 ne
1430 3280 1561 3360 mireris,
1584 3284 1695 3370 quippe

541 3394 623 3478 apud
644 3393 831 3474 scholiastes,
854 3392 919 3479 qui,
940 3398 976 3457 ut
997 3414 1095 3460 unum
1117 3393 1228 3458 addam
1250 3393 1289 3457 ad
1310 3394 1366 3479 Eq.
1393 3415 1423 3458 ν.
1445 3395 1502 3472 42,
1525 3394 1694 3480 explicant:

540 3506 615 3579 πνὺξ
644 3506 676 3569 τὸ
706 3507 735 3570 ἐν
764 3505 909 3590 Ἀθήναις
938 3509 1143 3593 δικαστήριον,
1174 3506 1298 3590 saepius
1332 3504 1471 3571 occurrit.
1514 3507 1559 3570 At
1587 3508 1695 3574 merito

540 3616 612 3680 inde
641 3616 764 3700 colligas
795 3616 913 3680 eosdem
942 3618 1023 3682 cives
1051 3624 1081 3682 et
1109 3614 1324 3703 ἐκκληὰιαστὰς
1356 3625 1387 3681 et
1419 3600 1559 3688 δικαστὰς
1593 3621 1693 3697 1111000,

540 3730 585 3794 ita
606 3736 642 3794 ut
662 3730 791 3815 puberes
813 3750 917 3793 omnes
945 3752 999 3815 per
1026 3752 1058 3795 00
1080 3730 1190 3794 tierent
1210 3730 1416 3807 ecclesiastem
1446 3728 1564 3794 iudices
1592 3739 1694 3797 autem

541 3864 578 3905 cx
607 3841 788 3906 ecclesiastis
815 3844 836 3906 1.
866 3865 891 3907 0.
920 3843 1039 3908 civibus
1067 3843 1254 3925 eligerentur
1282 3843 1449 3907 sortitione.
1500 3842 1694 3929 Quamquam

538 3954 634 4038 igitur
655 3954 878 4039 sexagesimum
900 3957 1008 4021 aetatis
1031 3978 1149 4021 annum
1171 3953 1250 4039 (cod.
1274 3955 1347 4039 Reg.
1363 3955 1458 4019 Paris.
1474 3954 1632 4020 Duebneri
1648 3955 1692 4020 vel

542 4066 577 4141 ἐτ’
596 4066 701 4151 habet)
723 4065 896 4149 legitimum
917 4067 1080 4133 sortiendis
1102 4066 1255 4136 iudicibus
1277 4068 1371 4132 fuisse
1386 4088 1472 4149 nego,
1494 4066 1575 4131 nihil
1590 4074 1693 4133 tamen

539 4179 668 4261 mirum,
697 4178 827 4257 iudices,
856 4179 884 4242 01
911 4199 973 4243 11011
1002 4201 1123 4262 omnes,
1152 4186 1231 4244 certe
1258 4185 1364 4244 tamen
1385 4179 1554 4243 maximam
1575 4187 1694 4265 partem

538 4313 624 4356 senes
655 4290 836 4374 decrepitos,
871 4291 995 4371 0110000,
1023 4291 1164 4357 laborum
1190 4292 1402 4376 impatientes,
1431 4291 1636 4357 humanitatis
1665 4299 1694 4358 et

537 4403 761 4468 misericordiae
794 4409 931 4487 expertes
966 4404 1070 4468 fuisse.
1091 4404 1322 4489 Vesparumquc
1354 4405 1453 4467 instar
1485 4402 1600 4469 aculeis
1632 4412 1691 4471 τῶν

540 4517 681 4601 paueat,
721 4516 862 4580 stilorum
896 4515 1093 4600 ipsorumque
1127 4514 1327 4597 calculorum,
1364 4536 1431 4579 reos
1464 4515 1691 4603 qualescunque

537 4633 717 4711 pungentes.
762 4628 842 4694 Nam
868 4627 902 4721 014
924 4628 1013 4691 aliter
1041 4649 1089 4692 res
1118 4649 1149 4692 se
1172 4628 1343 4711 habuisset,
1371 4629 1543 4713 pluresque·
1561 4630 1690 4697 iunioris
