4484 5467
542 617 602 680 108
901 615 1094 673 Paohaaou.
1129 613 1242 668 GAPVT
1260 613 1297 667 1v

538 790 600 853 lere
621 787 773 853 consentit
794 786 954 870 Didymus,
977 786 1214 873 Aristophanem
1237 788 1359 871 propter
1380 783 1628 850 similitudinem
1648 806 1693 850 no

539 899 659 966 minum
683 900 797 984 ἡλιαία,
819 901 907 985 ἥλιος
928 904 959 963 et
980 899 1046 985 εἵλη
1068 899 1178 965 iisdem
1201 897 1320 979 lusisse,
1343 895 1613 981 quemadmodum
1633 919 1692 964 sex·

539 1012 637 1077 centis
664 1010 748 1076 locus
774 1010 854 1076 lecit
898 1012 1013 1076 Verum
1041 1032 1089 1076 res
1118 1011 1208 1076 aliter
1235 1030 1268 1073 se
1299 1008 1407 1091 habet,
1440 1009 1572 1095 opinor3
1607 1032 1694 1097 neque

539 1124 623 1189 enim
649 1122 870 1208 Aristophanes
899 1129 1021 1209 propter
1042 1142 1187 1188 sonorum
1214 1120 1451 1188 similitudinem
1488 1121 1597 1188 iocum
1623 1123 1693 1206 fecit,

539 1257 638 1322 neque
665 1234 762 1321 quod,
791 1239 828 1298 ut
855 1233 1035 1300 scholiastae
1062 1234 1097 1299 ni
1125 1233 1213 1299 fallor
1240 1232 1446 1311 hariolantur,
1475 1233 1643 1301 Haliaemn
1662 1236 1693 1300 ab

540 1352 627 1436 ἥλιος
654 1366 766 1412 nomen
793 1345 957 1430 accepisse,
986 1346 1227 1412 Atheniensibus
1253 1351 1363 1411 notum
1393 1344 1507 1411 fuisset
1539 1348 1694 1428 omnibus3

539 1461 592 1527 sed
613 1459 695 1546 quod
708 1457 867 1523 Heliaeam
888 1479 921 1522 re
941 1480 1014 1525 vera
1033 1457 1106 1524 solis
1128 1458 1223 1523 radiis
1244 1455 1413 1543 expositam
1427 1447 1504 1522 'esse
1525 1465 1560 1524 et
1582 1460 1693 1526 Ariste

539 1573 656 1659 phanes
679 1577 710 1636 et
730 1575 914 1657 spectatores
936 1576 984 1636 sat
1005 1570 1152 1636 sciebant.
1188 1570 1305 1654 Itaque,
1326 1590 1424 1654 quum
1446 1588 1556 1635 omnes
1580 1572 1693 1651 scirent

540 1684 661 1770 ἡλιαίαν
684 1683 767 1748 idem
788 1703 854 1749 esse
876 1683 957 1767 quod
978 1684 1090 1763 άλιαίοι,
1112 1683 1193 1768 ἁλίη,
1215 1682 1302 1760 ἁλία,
1323 1701 1423 1766 neque
1445 1682 1632 1767 cogitarent
1653 1705 1693 1751 so

540 1797 611 1879 lem,
635 1796 710 1862 dum
731 1816 766 1861 eo
787 1800 1007 1881 premerentur,
1029 1795 1109 1875 loeo,
1131 1793 1186 1859 ubi
1208 1792 1415 1877 considerent,
1443 1795 1558 1861 merito
1587 1818 1691 1862 nomen

539 1908 673 1989 dedisse,
697 1907 836 1973 Comicus
857 1908 1020 1972 verborum
1041 1908 1113 1973 lusu
1136 1906 1236 1971 risum
1256 1906 1408 1988 mouebat,
1430 1907 1524 1992 quasi
1545 1928 1606 1974 nos
1620 1909 1691 1975 dioe-

538 2042 641 2086 remus
663 2020 698 2084 in
719 2020 814 2085 simili
835 2041 907 2085 casu
929 2040 992 2085 non
1013 2019 1251 2102 Versammlung
1272 2018 1326 2082 sed
1346 2017 1565 2105 Versonnung.
1665 2007 1669 2013 ⁶

623 2133 730 2217 Itaque
753 2154 782 2198 ν.
806 2133 884 2196 772:
908 2130 971 2219 εἵλη
994 2158 1020 2197 κ.
1043 2157 1068 2196 τ.
1085 2136 1111 2196 λ.
1134 2132 1179 2196 sic
1193 2129 1424 2216 explicaverimz
1447 2125 1691 2219 siquidem'legi-

538 2266 608 2309 mus
630 2244 691 2310 κατ’
717 2243 839 2332 ὄρθρον,
861 2265 968 2309 sensus
990 2248 1051 2308 est:
1074 2263 1172 2327 quum
1193 2247 1277 2308 ortus
1299 2240 1393 2306 suerit
1411 2241 1494 2306 calor
1508 2243 1586 2309 solis
1601 2267 1692 2323 mane,

539 2356 691 2421 exercebis
719 2356 868 2421 iudicium
896 2356 931 2420 in
952 2354 1014 2421 sole
1036 2354 1169 2439 (Dind.),
1191 2354 1213 2418 i.
1236 2373 1262 2417 e.
1285 2374 1391 2435 mane,
1420 2374 1520 2437 quum
1549 2356 1630 2422 bene
1656 2363 1694 2422 est

538 2468 573 2532 in
595 2467 657 2532 sole
679 2468 829 2550 iudicare,
858 2468 1023 2547 iudicabis,
1051 2468 1108 2538 sub
1131 2464 1291 2529 meridiem
1312 2486 1402 2530 nemo
1430 2471 1462 2531 tc
1483 2474 1584 2551 coget,
1609 2469 1693 2535 etiam

440 2657 442 2662 ³
538 2579 573 2642 in
600 2580 749 2644 tribunali
777 2578 909 2644 assidere
936 2586 967 2644 et
993 2578 1118 2659 sudare3
1152 2578 1210 2643 sub
1237 2577 1345 2643 domus
1375 2577 1458 2643 enim
1486 2584 1564 2644 tuae
1592 2582 1695 2647 umbra

539 2713 574 2755 ac
596 2691 730 2774 tegmine
752 2692 924 2756 recumbes:
947 2690 997 2756 sin
1019 2691 1151 2773 legimus
1173 2688 1239 2755 κατ’
1265 2689 1367 2777 ὀρθόν,
1390 2710 1487 2775 aeque
1510 2692 1591 2756 bene
1607 2694 1693 2759 uerba

539 2802 709 2886 intelligas,
731 2804 836 2868 valent
857 2803 956 2886 enirn,
979 2802 1014 2866 ni
1035 2802 1137 2883 fallor,
1167 2803 1254 2866 haec:
1282 2823 1379 2886 quum
1407 2808 1489 2867 recte
1518 2824 1552 2869 se
1574 2804 1694 2871 habebit

538 2914 611 2979 solis
633 2914 729 2995 calor,
757 2916 907 2981 iudicabis
934 2915 969 2979 in
997 2900 1073 2995 sole,
1102 2914 1183 2979 sive:
1211 2935 1308 2999 quum
1330 2913 1462 2979 sufficiet
1483 2915 1583 2999 calor,
1603 2940 1692 3003 quum

538 3026 613 3092 satis
641 3028 700 3093 erit
726 3029 850 3112 caloris,
879 3033 911 3092 et
937 3048 1016 3111 quae
1044 3032 1117 3091 sunt
1138 3024 1263 3091 similia.
1305 3024 1409 3091 Etiam
1430 3026 1481 3091 hic
1503 3016 1691 3095 subaudien-

461 3211 465 3228 .
539 3137 628 3205 dum:
651 3141 820 3207 meridiano
842 3146 986 3225 tempore,
1009 3160 1107 3223 quum
1127 3137 1262 3203 nimium
1277 3143 1323 3202 est
1338 3137 1456 3221 caloris,
1479 3138 1622 3207 iudicare
1636 3164 1692 3209 non

538 3253 671 3338 amplius
698 3253 823 3336 cogeris.
868 3251 972 3316 Obiter
1000 3271 1123 3332 moneo,
1151 3250 1327 3316 Dawesium
1353 3249 1439 3314 Misc.
1472 3250 1542 3315 crit.
1572 3276 1605 3339 p.
1636 3256 1692 3319 269

538 3367 612 3452 πρὸς
634 3364 923 3452 bpbba-coniecisse,
945 3364 1156 3429 immemorem
1178 3364 1269 3430 illum
1296 3362 1494 3447 scholiastae,
1522 3365 1580 3450 qui
1603 3366 1691 3433 Calb-

540 3482 673 3541 stratum
694 3476 760 3542 κατ’
787 3477 877 3563 ὀρθὸν
900 3475 1009 3559 legisse
1031 3476 1136 3541 tradit.

625 3587 706 3653 Satis
728 3589 765 3653 de
787 3588 849 3653 sole
871 3587 1003 3673 solisque
1025 3586 1125 3653 calore
1146 3588 1295 3672 (Zonaras
1317 3594 1348 3653 et
1369 3572 1496 3653 suidas:
1518 3584 1690 3675 hisceret

539 3702 593 3763 τοῦ
616 3701 706 3784 ἡλίου
728 3700 852 3787 θέρμη),
875 3700 1023 3786 namqui
1046 3706 1218 3785 sequuntur
1238 3722 1355 3783 versus,
1378 3700 1472 3765 etiam
1493 3702 1608 3768 melius
1631 3724 1691 3768 rem

539 3816 570 3875 et
591 3811 775 3877 sententiam
797 3834 898 3877 meam
921 3813 1118 3899 explicabunt
1140 3817 1171 3877 et
1192 3806 1370 3877 delehdent:

788 3925 839 3989 ἐὰν
863 3927 896 3990 δὲ
919 3927 1003 4013 cipp,
1025 3926 1100 4013 πρὸς
1121 3926 1155 3989 τὸ
1178 3928 1238 4010 πῦρ
1261 3926 1446 4010 καθήμενος,
1615 4018 1617 4022 ¹

789 4036 903 4117 ὕοντος,
926 4038 1007 4103 εἴσει.

539 4146 589 4211 Ad
610 4166 689 4230 quae
710 4147 874 4214 scholiasta
894 4150 983 4216 haee:
1015 4148 1120 4219 ὕοντος
1148 4150 1203 4212 τοῦ
1231 4149 1307 4212 θεοῦ
1334 4151 1384 4213 καὶ
1411 4148 1562 4234 νίφοντος,
1590 4154 1691 4236 γνώσῃ

537 4261 713 4346 καθήμενος
734 4261 808 4347 πρὸς
829 4261 863 4326 τὸ
885 4266 945 4349 πῦρ
967 4262 1021 4346 τὴν
1045 4261 1145 4346 biano:
1168 4280 1260 4345 quem
1282 4265 1430 4344 sequutus
1444 4258 1538 4324 Dind.
1561 4260 1607 4326 ita
1628 4283 1693 4327 ver·

538 4370 592 4436 tit:
625 4372 652 4437 si
686 4392 758 4437 vero
790 4372 900 4457 ningat
931 4379 985 4438 aut
1017 4373 1118 4458 pluat,
1150 4376 1222 4436 ante
1254 4372 1355 4436 locum
1383 4372 1492 4436 sedens
1521 4392 1692 4457 cognosces.

538 4481 653 4548 Verum
680 4484 769 4550 aliter
798 4484 874 4549 mihi
902 4484 1025 4552 videtur
1051 4484 1268 4572 explicandum
1295 4504 1360 4548 esse
1388 4503 1488 4567 neque
1517 4484 1556 4548 ab
1587 4488 1695 4554 εἰδέναι

539 4593 593 4660 sed
624 4595 662 4660 ab
695 4598 817 4664 εἰσιέναι
844 4598 974 4663 formam
1006 4598 1078 4665 εἴσει
1111 4596 1321 4663 derivandam.
1370 4596 1462 4681 Δίκην
1497 4596 1609 4664 εἰδέναι
1642 4620 1695 4687 pro
