4484 5467
553 587 613 648 154
933 589 1122 646 l'rrurhhtou.
1158 591 1270 646 chl‘t'T
1288 593 1325 646 lv

549 756 796 840 aestimatoriam,
826 758 858 822 iu
880 781 1052 844 quasnam
1074 762 1132 828 sihi
1156 764 1278 848 signent
1298 765 1367 832 litis
1392 767 1662 852 aestimationem,
1680 792 1707 836 ιν

549 869 696 934 ωοιυυιίυ
717 871 797 958 ipsos
819 873 916 957 possit
936 874 1056 952 fallcrc;
1078 875 1210 962 denique
1233 878 1401 964 graphium
1425 901 1452 944 s.
1469 881 1598 966 stilum,
1620 882 1706 972 alliga,

548 987 617 1046 tum
639 983 763 1048 fortas-ro
785 985 825 1048 ad
846 985 994 1068 tabulam,
1017 987 1104 1052 cuius
1127 988 1260 1054 vicarius
1276 1009 1520 1078 nonuunquam
1544 994 1702 1080 unguisat

549 1114 631 1158 nuuc
655 1095 785 1174 trovam,
809 1119 900 1178 nuuc,
924 1099 1005 1182 quod
1025 1100 1147 1188 saepius
1162 1099 1281 1174 accidit,
1302 1099 1437 1186 longum
1454 1105 1583 1196 ducens
1595 1107 1700 1186 ευΙιυαι

548 1211 698 1284 Quattuor
721 1209 815 1292 igitur
831 1208 884 1272 has
908 1230 955 1274 ros
978 1209 1092 1276 iudicas
1107 1233 1212 1278 sccum
1227 1215 1436 1300 apportabant
1452 1218 1497 1282 aa
1514 1218 1698 1296 dicastcriuna

548 1319 706 1404 quintam,
728 1321 765 1384 dc
787 1343 848 1405 qua
871 1344 953 1388 uuna
974 1344 1116 1406 agemus,
1140 1324 1179 1388 ad
1202 1325 1305 1410 ipsum
1326 1326 1503 1414 dicastarii
1519 1305 1697 1410 introitum'a

545 1433 736 1518 magistratu,
765 1435 786 1500 i.
809 1457 835 1499 ο.
858 1435 1061 1500 thesmotheta
1083 1435 1209 1520 eiusque
1231 1437 1394 1522 ministris,
1423 1441 1694 1538 accipiebantur

546 1546 662 1610 mirum
684 1545 822 1612 calculos
1445 1621 1448 1626 .

633 1658 875 1724 i'sitatissinrum
902 1661 1015 1724 calculi
1040 1663 1194 1746 nomenoi
1221 1667 1324 1750 ψῆφος
1347 1666 1410 1744 est,
1443 1663 1598 1758 audacias
1618 1641 1693 1758 aci

545 1770 624 1836 mico
639 1779 832 1856 usurpatum,
854 1771 997 1849 maxime,
1020 1777 1056 1836 ut
1071 1793 1126 1856 par
1141 1777 1216 1852 orat,
1238 1772 1271 1836 in
1288 1772 1409 1858 Vespis,
1434 1774 1589 1864 vidalioat
1605 1777 1692 1842 sarias:

545 1903 573 1946 v.
604 1883 946 1946 carcamusas.
976 1883 1048 1946 oar.
1081 1883 1173 1948 rror.
1217 1882 1277 1948 oo.
1306 1883 1487 1970 Hesychius
1519 1909 1545 1952 s.
1578 1863 1692 1978 φηφπξ,

547 2001 654 2080 ψῆφοι,
680 1997 779 2080 μικροὶ
802 1996 900 2072 λίθοις
921 1994 997 2058 itam
1012 1994 1112 2078 Etym.
1129 1994 1171 2058 M.
1187 1995 1330 2074 Zonaras,
1353 1996 1487 2090 Suidas.¹
1507 2000 1607 2086 V.·9j4
1627 2000 1692 2090 Xau-

544 2106 625 2172 thias
647 2107 684 2171 do
707 2106 917 2172 Philoclconc:
1596 2089 1599 2096 ¹

700 2221 756 2283 ὑπὸ
779 2225 833 2284 τοῦ
857 2220 965 2302 δὲτὴν
991 2218 1092 2305 ψῆφόν
1114 2218 1147 2303 γ’
1173 2219 1253 2306 ἔχειν
1277 2221 1419 2286 εἰωθέναι

697 2333 768 2402 τοὺς
790 2337 868 2418 τρεῖς
892 2331 1025 2417 ξυνέχων
1048 2336 1107 2396 τῶν
1132 2333 1286 2398 δακτύλων
1310 2334 1477 2414 ἀνίσταται,

698 2444 799 2530 ὥσπερ
823 2444 987 2529 λιβανωτὸν
1011 2444 1151 2513 ἐπιτιθεὶς
1173 2445 1333 2530 νουμηνίᾳ.

542 2555 642 2620 Filius
663 2561 781 2641 patrem
803 2555 988 2635 hortaturus,
1010 2562 1047 2622 ut
1068 2576 1178 2620 canam
1197 2577 1285 2621 raum
1307 2555 1448 2622 absolvat
1470 2579 1501 2623 v.
1528 2561 1609 2628 987:
1659 2649 1661 2654 Ι

768 2671 851 2755 τηνδὶ
874 2672 974 2757 λαβὼν
998 2672 1052 2754 τὴν
1078 2675 1181 2755 ψῆφον
1205 2672 1253 2735 ἐπὶ
1273 2671 1323 2736 τὸν
1347 2670 1473 2758 ὕστερον

771 2781 867 2864 μύσας
889 2784 1023 2867 παρᾷξον
1046 2780 1231 2859 κάπόλυσον,
1255 2782 1280 2844 ὦ
1303 2781 1412 2868 ποίτερί
1534 2851 1538 2876 ἑ
1636 2847 1638 2852 ,

541 2891 727 2958 Scholiastac
749 2893 843 2957 verba
865 2892 906 2958 ad
926 2893 956 2957 h.
972 2914 1001 2956 v.
1017 2892 1081 2958 iam
1102 2914 1197 2978 supra
1219 2892 1381 2980 adscripsi3
1402 2892 1461 2960 hoo
1483 2894 1554 2964 loco
1572 2902 1694 2990 rapotara

540 3005 690 3070 nonnulla
713 3023 834 3070 uacasse
856 3017 911 3070 cst.
954 3003 1067 3088 Incipit
1089 3024 1174 3090 ergo:
1203 3006 1257 3089 τὴν
1286 3006 1526 3094 τετρυπημένην,
1545 3010 1632 3096 αὐτῷ
1648 3008 1695 3074 δεί-

540 3143 625 3182 κνυσι
649 3124 769 3204 ψῆφον,
797 3135 929 3200 eumque
950 3115 1103 3194 hortatur,
1134 3121 1170 3180 ut
1191 3115 1345 3180 calculum
1366 3116 1450 3180 hunc
1474 3118 1696 3202 damnatorium

538 3229 574 3294 iu
601 3228 762 3294 vasculum
788 3227 937 3292 immittat
965 3226 1075 3312 ἄκυρον
1104 3225 1155 3290 vel
1184 3227 1323 3314 ὅστερον;
1350 3225 1489 3312 plenum·
1508 3230 1624 3314 igitur,
1650 3233 1695 3316 rho

540 3345 652 3428 πλήρη,
675 3341 905 3424 absolutorium,
927 3339 961 3404 iu
976 3338 1137 3404 vasculum
1149 3339 1262 3425 κύριον,
1284 3345 1320 3403 ut
1339 3360 1393 3424 por
1414 3347 1572 3426 sopatat.
1609 3345 1696 3428 Hesy-

539 3454 629 3518 chius
658 3475 683 3518 s.
705 3474 734 3516 v.
760 3454 890 3540 στερεοί,
923 3453 1000 3522 τινὲς
1028 3455 1087 3517 τῶν
1119 3455 1296 3517 δικαστικῶν
1326 3454 1449 3540 ψήφων.
1495 3451 1583 3528 Nam
1599 3477 1696 3543 ¹quum
1737 3485 1739 3490 ·

538 3566 622 3630 filius
644 3566 786 3649 suffragio
808 3565 870 3630 lato
892 3564 1023 3630 calculos
1046 3564 1293 3640 effundathumi
1315 3565 1398 3652 (φέρ’
1424 3566 1592 3654 ἐξεράσω),
1620 3568 1696 3654 prius

536 3677 698 3742 vasculum
720 3679 769 3742 τὸν
792 3679 894 3765 κύριον
917 3677 1059 3742 καδίσκον
1083 3676 1251 3758 subvertit,
1280 3676 1412 3740 altarum
1433 3677 1485 3743 τὸν
1517 3679 1634 3769 ἄκυρον
1655 3680 1697 3744 in·

538 3796 656 3855 tactum
677 3790 833 3874 relinquit.
876 3791 924 3855 Ita
945 3790 1063 3876 proruit
1086 3788 1221 3854 calculus
1243 3787 1353 3873 plenus
1374 3788 1448 3870 iste,
1478 3790 1535 3876 qui
1568 3791 1697 3858 absolvo

539 3902 600 3968 bat.
645 3903 732 3979 Quod
760 3904 922 3970 scholiasta
942 3905 1019 3968 Van.
1048 3903 1150 3968 addit:
1181 3903 1222 3973 εἰς
1249 3902 1299 3967 τὸν
1333 3903 1455 3990 ὕστερον
1479 3906 1628 3994 καδίσκον
1650 3906 1696 3999 τῂν

539 4018 826 4101 ἀπυδυκιμάζουσαν
857 4017 998 4104 ἐνέβαλον
1034 4020 1155 4102 ψῆφον,
1188 4014 1299 4078 mendo
1327 4018 1436 4094 scatet,
1471 4016 1697 4102 emendandum

539 4128 849 4214 ἀποδοκιμασθεῖσαν,
871 4128 892 4191 i.
916 4149 942 4192 e.
964 4128 1118 4209 reiectam,
1143 4126 1253 4213 ἄκυρον
1277 4127 1400 4191 factam.
1443 4124 1521 4191 Erat
1543 4150 1637 4214 porro
1659 4127 1697 4193 al-

537 4248 639 4307 tarum
671 4239 858 4306 calculorum
888 4262 998 4324 genus,
1032 4261 1051 4304 a
1078 4240 1169 4305 schol.
1198 4240 1289 4326 Vosp.
1319 4241 1379 4305 106
1413 4247 1697 4308 commemoratum:

536 4360 628 4420 τοῦτο
651 4354 731 4439 (scil.
754 4353 788 4416 τὸ
812 4354 865 4437 τὴν
893 4353 1006 4439 μακρὰν
1030 4352 1132 4437 τιμᾶν)
1161 4353 1284 4416 ἐποίουν
1310 4354 1383 4438 μετὰ
1404 4352 1437 4417 τὸ
1462 4353 1640 4441 ἀποβλέψαι
1661 4354 1697 4422 εἰς

538 4468 589 4537 τὰς
614 4470 735 4553 ψήφους
757 4468 809 4537 τὰς
830 4468 861 4530 ἐν
885 4473 926 4549 τῇ
947 4466 1081 4529 κάλπιδι·
1110 4466 1137 4527 εί
1158 4466 1214 4552 γὰρ
1243 4467 1348 4551 ἑώρων
1371 4466 1422 4535 τὰς
1453 4466 1602 4550 μελαίνας
1625 4466 1696 4531 πλοί-

540 4602 609 4658 υυς,
631 4582 793 4665 ἐχάραττον
817 4585 862 4670 rqi
884 4575 971 4675 ὄνυχι
993 4577 1047 4669 τὴν
1073 4578 1204 4662 μακροίν,
1227 4578 1253 4647 εἰ
1275 4577 1309 4641 δὲ
1330 4577 1382 4654 τὰς
1404 4580 1530 4658 λευκάς,
1552 4581 1610 4668 τὴν
1635 4582 1697 4674 βρα·
