4484 5467
543 626 584 690 62
701 627 705 632 ·
924 626 1114 681 raosnaarr.
1151 626 1317 707 caavrrn

540 802 639 884 puer
682 796 769 874 uuor
790 796 995 863 semmam
1023 803 1070 863 ω
1099 798 1194 885 praa
1223 798 1288 863 1000
1309 761 1399 884 dap.
1422 799 1505 865 aaa:
1528 800 1696 885 aauyua

540 930 612 975 nem
633 908 739 974 omnis
758 914 879 995 praeter
899 908 1091 995 clepsydram
1117 916 1226 995 parata
1254 929 1320 973 esse
1347 908 1522 991 dicentem,
1542 911 1698 980 'Pansae

541 1027 642 1105 rugat:
670 1024 722 1108 ἡδί
743 1022 777 1087 u
799 1022 838 1107 δὴ
861 1022 904 1093 τίς
926 1022 1019 1101 ἐστιν;
1054 1020 1125 1108 ούχλ
1152 1020 1320 1107 κλεψύδρας
1347 1020 1590 1089 suholiusturum
1617 1025 1697 1091 altat:

541 1135 575 1199 τὸ
603 1135 719 1200 atteias
747 1135 893 1211 δείκνυσι,
914 1133 1006 1198 alter:
1038 1135 1157 1220 μήποτε
1183 1133 1218 1198 τὸ
1246 1134 1363 1198 αἰδοῖον
1391 1134 1479 1221 αύτηῖ
1508 1137 1697 1203 δείκνοσινύ

541 1247 719 1337 πρεσβύτης,
741 1245 785 1311 ύτι
807 1245 912 1330 (scrib.
926 1246 946 1330 ἦ
962 1244 1022 1330 ὅτι)
1044 1244 1132 1332 ούρεῖ
1151 1247 1194 1315 rire
1214 1246 1235 1329 ἡ
1257 1243 1420 1331 κλεψύδρα
1443 1246 1519 1331 ἀμὶς
1538 1248 1608 1335 γὰρ’
1623 1248 1699 1335 αὐτᾷ

541 1360 726 1445 παράκειται.
769 1356 885 1441 Itaque,
908 1376 1006 1441 quum
1026 1354 1105 1420 alter
1126 1354 1164 1419 de
1185 1353 1334 1433 mentula,
1356 1354 1394 1420 de
1414 1355 1539 1423 matula
1559 1356 1641 1438 altu
1655 1379 1697 1427 aa

541 1469 631 1553 gitet‚
660 1488 716 1533 nas
736 1467 831 1554 priori
853 1467 1039 1546 adsedimus,
1067 1467 1114 1532 ita
1133 1472 1254 1545 tamen,
1286 1472 1324 1532 ut
1343 1487 1416 1532 eum
1436 1474 1528 1551 gestu
1549 1470 1697 1536 indimus

541 1580 622 1667 quod
642 1579 780 1646 velatum
808 1586 869 1660 est,
897 1579 1126 1646 eunundamus.
1170 1579 1218 1644 lta
1239 1577 1339 1657 enim,
1366 1597 1445 1663 quae
1465 1579 1638 1666 Bdelyaleo
1656 1604 1697 1648 re

541 1692 684 1779 spondet,
712 1692 826 1778 optime
854 1712 887 1757 se
913 1692 1040 1757 habent:
1068 1689 1102 1757 εὖ
1129 1688 1160 1777 γ’
1190 1693 1357 1779 ἐκπορίζεις
1384 1690 1461 1758 αὐτὰ
1488 1694 1696 1783 κάπιχωρίως.

540 1804 712 1870 Scholiasta
731 1804 768 1868 V.
798 1804 862 1870 οἷον
894 1807 1070 1874 σκεπτικῶς
1098 1806 1149 1869 καί
1169 1806 1329 1891 φλαύρως,
1356 1802 1432 1868 Rav.
1454 1804 1696 1894 ἐπιχώριονγᾶρ

539 1916 579 2004 ἧν
593 1917 698 1988 αὐτοῖς
718 1917 752 1981 τὸ
774 1917 932 2001 (σκώπτειν
955 1918 1004 1981 καί
1018 1915 1071 2001 V.)
1093 1915 1224 1990 παίζειντ
1246 1914 1267 1979 i.
1282 1934 1309 1978 e.
1330 1916 1398 2002 περί
1417 1915 1451 1980 τὸ
1466 1916 1601 1998 αἰδοῖον,
1623 1916 1697 2003 quud

539 2028 690 2115 interpres
710 2029 821 2095 addere
844 2027 980 2093 debebat
1024 2024 1125 2104 Quid?
1152 2026 1180 2090 si
1201 2026 1375 2114 ἐπιχωρίως
1400 2025 1441 2090 ad
1461 2026 1597 2094 Ituralia
1618 2050 1696 2117 spae-

539 2142 661 2221 taverit,
682 2143 795 2228 quibus
816 2141 915 2206 dieere
936 2138 1012 2204 talia
1033 2145 1064 2203 et
1077 2143 1247 2203 mensuare
1268 2137 1374 2203 nullus
1388 2138 1573 2206 ventatur?
1596 2141 1696 2208 Altera

539 2250 605 2317 laea
635 2275 730 2319 senex
763 2254 953 2320 temulentus
983 2251 1023 2316 ad
1056 2250 1216 2317 tibicinam
1244 2250 1382 2315 convivis
1414 2250 1499 2316 elam·
1522 2252 1695 2332 abductam

540 2383 570 2429 v.
594 2365 690 2429 1342:

745 2481 887 2569 ἀνάβαινε
909 2482 999 2567 δεῦρο
1021 2472 1337 2566 χρυσομηλολόνθιον,

745 2598 787 2675 τῇ
806 2593 883 2678 χειρί
903 2593 986 2656 τουδί
1008 2588 1162 2679 λαβομένη
1184 2592 1239 2653 τού
1263 2586 1410 2674 σχοινίου,
1507 2613 1512 2618 ·

746 2700 832 2790 ἔχου.
855 2706 1006 2791 φυλάττου
1029 2700 1059 2767 δ’
1083 2704 1125 2771 ὡς
1148 2699 1261 2786 σαπρὸν
1283 2698 1317 2763 τὸ
1341 2698 1485 2786 σχοινίον.

746 2814 832 2902 ὅμως
853 2839 888 2900 γε
910 2816 1010 2901 μέντοι
1031 2812 1205 2903 τριβόμενον
1229 2811 1286 2877 uta
1309 2810 1444 2899 ἄχθεται.

539 2925 711 2990 Scholiasta
731 2926 807 2991 Rau.
830 2927 863 2992 τὸ
887 2928 1021 3014 σχοινίον
1044 2925 1150 2995 eodem
1171 2925 1279 2998 verbo,
1307 2943 1368 3009 quo
1395 2943 1492 3008 supra
1513 2924 1691 3013 κλεψύδραν,

539 3038 685 3124 explieat3
707 3058 807 3124 neque
828 3037 917 3103 aliter
938 3038 1015 3102 Ven.
1031 3037 1253 3102 Verumtamen
1274 3041 1368 3101 senex
1388 3035 1491 3101 verbis
1512 3034 1607 3114 ludit,
1623 3043 1691 3101 'ver-

540 3151 637 3235 boque
660 3151 820 3234 signifieat,
843 3150 925 3236 quad
946 3149 1044 3230 abest}
1072 3148 1263 3226 muliercula,
1293 3168 1372 3232 quae
1392 3145 1512 3233 placide
1533 3147 1691 3233 subsequi·

537 3270 604 3343 tur,
633 3263 756 3350 prendit
777 3262 872 3345 nihil,
899 3267 954 3327 aut
975 3261 1002 3325 si
1024 3261 1114 3346 quid,
1144 3260 1268 3347 prandit
1288 3258 1383 3346 pallia
1404 3278 1527 3338 senem,·
1549 3280 1613 3344 que
1633 3259 1690 3324 luat

538 3376 644 3441 frrnem
665 3382 788 3462 putrem
809 3395 874 3439 esse
895 3373 1088 3457 significavit.
1639 3356 1659 3390 ’Χ

623 3482 731 3552 Fatedr
759 3487 910 3553 comicum
941 3486 999 3552 hae
1029 3506 1099 3550 mea
1126 3484 1301 3550 defensione
1327 3483 1437 3567 magis*
1454 3481 1605 3568 pudieam
1634 3504 1690 3549 nan

539 3619 604 3664 esse
625 3601 754 3680 lactum3
783 3600 897 3684 ubique
919 3600 1003 3664 enim
1024 3597 1208 3663 subauditur
1229 3598 1422 3673 obseaenum,
1443 3594 1517 3659 lieet
1537 3616 1604 3661 non
1624 3617 1690 3662 eun·

538 3712 699 3797 spientim
721 3712 825 3792 immo,
848 3711 929 3795 quod
950 3710 1078 3776 artifieio
1099 3710 1233 3795 quadam
1253 3708 1383 3788 velatur,
1404 3705 1438 3770 id
1459 3726 1494 3770 aa
1515 3706 1690 3774 damnine

538 3823 615 3889 salet
635 3824 778 3889 amnibus
800 3824 906 3889 videri.
950 3823 1011 3889 sed
1031 3823 1134 3890 verbis
1155 3827 1295 3901 tantum,
1325 3805 1394 3884 non*
1410 3840 1444 3885 re
1471 3818 1625 3886 exultavit
1646 3840 1690 3885 οο

538 3936 659 4001 maedis
671 3936 809 4021 antiqua,
831 3942 981 4021 quantum
998 3957 1052 4019 ego
1073 3936 1172 4018 video,
1195 3954 1294 4019 neque
1308 3937 1509 3998 monumenta
1529 3931 1594 4011 illa,
1617 3952 1691 4017 quae

537 4055 606 4135 past
633 4049 708 4114 alios
735 4069 833 4133 nuper
861 4047 958 4113 edidit
984 4048 1170 4114 Wieselerus
1201 4047 1267 4132 (eui
1295 4044 1471 4131 nuperrime
1498 4043 1629 4108 Teuffel.
1655 4042 1691 4107 ad

537 4160 618 4227 Nub.
641 4162 704 4225 538
726 4161 906 4245 assentitur)
935 4160 974 4225 ad
996 4161 1089 4226 aliam
1111 4159 1298 4226 sententiam
1319 4178 1370 4223 me
1391 4156 1558 4243 perdueere
1579 4155 1692 4221 valent

537 4273 684 4359 Pleraque
706 4274 904 4359 spurcissima
925 4279 1012 4354 sunt,
1040 4281 1096 4361 τῆς
1116 4274 1340 4362 ιρορτικωτάτης
1361 4270 1544 4357 κωμῳδίας,
1566 4267 1630 4333 ulia
1650 4268 1692 4333 iu

537 4392 720 4472 eomparata,
743 4392 779 4451 ut
800 4406 900 4451 meam
923 4386 961 4451 de
981 4406 1181 4473 personarum
1195 4383 1304 4451 habitu
1318 4379 1691 4448 sententiamdefendant

622 4499 660 4563 V.
703 4499 821 4564 Charus
850 4499 946 4583 igitur
968 4505 1112 4583 quattuor
1133 4504 1164 4563 et
1184 4495 1297 4579 viginti
1324 4516 1450 4573 senum,
1478 4514 1572 4579 quem
1600 4493 1692 4560 eumi-

537 4614 644 4673 tantur
672 4612 760 4696 pueri
790 4613 855 4677 siva
883 4619 945 4677 tres
974 4612 1039 4677 eive
1067 4619 1211 4696 quattuor
1239 4610 1303 4676 sive
1331 4605 1590 4693 quattuordecim,
1619 4606 1693 4672 dum
