4484 5467
637 662 681 715 DE
699 660 869 715 lvmoles
888 659 1145 716 ATHENIENSIVM
1161 660 1343 726 nussvsovu
1359 660 1587 719 IVDICIALIBVS
1634 667 1691 730 131

536 856 690 902 mnarum
711 832 820 898 diuam.
856 832 982 896 Duobus
1004 839 1108 897 autem
1129 832 1203 897 locis
1225 853 1321 897 urnae
1335 833 1451 918 positae
1474 856 1539 899 esse
1552 844 1696 922 possunt3

538 953 595 1012 aut
616 946 745 1011 diversis
767 949 822 1009 aut
844 943 965 1022 eodem3
988 944 1014 1007 si
1037 944 1180 1022 diversis,
1207 944 1347 1030 ὀκάριος
1369 944 1457 1009 iuxta
1477 946 1614 1013 tribunal
1635 956 1697 1015 ste-

537 1060 627 1142 terit,
650 1061 699 1124 ἐπὶ
720 1061 773 1122 τοῦ
799 1058 949 1144 βήματος,
975 1057 991 1119 ὁ
1014 1056 1126 1142 ἄκυρος
1147 1049 1263 1120 autad
1283 1054 1446 1121 introitum
1468 1056 1622 1125 dionsterii
1643 1068 1699 1127 aut

537 1193 618 1258 pone
646 1167 799 1251 tribunal,
821 1173 858 1232 ut
879 1167 995 1232 iudioes
1018 1166 1148 1248 oaloulo,
1177 1188 1269 1252 quom
1291 1168 1474 1247 voluissent,
1503 1170 1538 1235 in
1564 1172 1697 1258 priorem

537 1304 653 1347 urnam
674 1281 796 1359 inieoto,
819 1281 852 1345 τὸ
877 1283 963 1369 βῆμα
985 1279 1221 1362 circumeuntes,
1242 1279 1277 1342 in
1291 1280 1490 1365 posteriorem
1510 1302 1623 1348 urnam
1636 1285 1698 1348 oal-

537 1396 663 1478 oulum,
693 1414 785 1478 quem
816 1392 927 1478 ἄκορον
951 1412 1015 1455 esse
1041 1371 1176 1468 vellent,
1200 1390 1371 1455 iniicerent.
1407 1391 1560 1476 Equidem
1580 1400 1698 1459 utram-

540 1529 603 1593 que
625 1509 737 1571 ur‘nam
759 1504 935 1590 proximum
956 1509 1053 1567 rostra
1070 1502 1118 1566 vel
1141 1502 1175 1566 iu
1197 1503 1263 1588 ipso
1276 1502 1379 1589 lapide
1400 1504 1529 1570 diversis
1550 1505 1624 1572 loeis
1638 1514 1699 1573 ste-

538 1622 617 1687 tisse
636 1618 782 1705 putarim,
804 1618 854 1682 τὸν
877 1617 978 1703 κύριον
1002 1615 1127 1700 propius
1148 1610 1274 1694 iudices,
1296 1616 1422 1682 fortasse
1444 1618 1526 1683 inter
1539 1618 1593 1684 hos
1608 1625 1682 1704 atqu

539 1732 676 1817 reliquas
697 1729 806 1795 iudicii
827 1748 980 1813 personas,
1004 1732 1145 1804 oratores,
1167 1731 1270 1805 testes,
1301 1748 1367 1792 reos
1389 1728 1504 1813 quique
1524 1731 1586 1795 huo
1606 1736 1701 1818 peril-

539 1851 647 1923 neant,
669 1845 719 1908 τὸν
743 1842 853 1928 ἄκυρον
877 1846 981 1906 autem
996 1840 1100 1923 aliquo
1121 1839 1220 1925 spatio
1239 1839 1416 1907 intermisso
1437 1841 1486 1908 vel
1499 1863 1579 1929 pone
1593 1848 1701 1922 rostra,

540 1977 577 2022 eo
600 1957 727 2020 fortasse
749 1953 891 2035 consilio,
919 1974 959 2017 ne
982 1954 1051 2040 quis
1072 1958 1175 2038 posset
1196 1951 1284 2017 binos
1306 1952 1436 2020 oaloulos
1457 1956 1507 2020 vel
1530 1956 1701 2041 decipiendi

541 2068 593 2135 vel
615 2066 736 2132 iocandi
758 2088 866 2132 caussa
886 2064 1069 2143 immittere,
1101 2069 1138 2127 ut
1159 2086 1251 2128 eausa
1271 2070 1394 2150 peraeta
1415 2065 1546 2151 iudices,
1579 2089 1596 2131 e
1618 2068 1702 2133 diea-

542 2179 637 2245 sterio
660 2184 822 2259 exeuntes,
849 2179 903 2263 τὴν
927 2175 1038 2263 ἄκυρον
1063 2180 1167 2262 ψῆφον
1196 2174 1230 2237 in
1258 2175 1386 2240 alteram
1407 2169 1488 2241 hano
1507 2199 1619 2243 urnam
1640 2180 1700 2244 im·

543 2292 713 2357 mitterent.
758 2288 900 2352 Ceterum
926 2286 961 2349 in
982 2285 1135 2371 plerisque
1163 2306 1234 2349 oum
1261 2284 1294 2348 L.
1316 2286 1422 2352 Rossio
1448 2288 1549 2354 Iabrb.
1578 2291 1599 2354 f.
1620 2290 1700 2357 Phil.

544 2402 656 2490 Suppl.
679 2403 693 2465 Ι
715 2424 745 2488 p.
768 2400 831 2466 350
852 2419 917 2484 sqq.
940 2418 990 2462 me
1006 2398 1177 2462 consentire
1200 2419 1284 2464 nuno
1305 2397 1440 2483 demum,
1462 2400 1517 2465 ubi
1533 2407 1625 2488 eaput
1645 2402 1702 2469 hoo

544 2518 660 2581 iterum
681 2513 764 2600 prelo
786 2511 958 2593 subiicitur,
980 2509 1090 2574 ν11100.Ι

632 2625 716 2691 XIV.
753 2623 966 2690 Immittebant
988 2627 1092 2686 autem
1113 2621 1230 2686 iudices
1246 2621 1376 2687 oaloulos
1391 2644 1445 2709 per
1460 2650 1501 2712 κη
1512 2625 1594 2711 μόν,
1609 2627 1700 2714 Vesp.

545 2741 589 2805 99
613 2743 819 2803 memoratum
840 2735 945 2820 ibique
967 2734 1164 2821 potissimum
1185 2733 1374 2814 adhibitum,
1402 2742 1438 2800 ut
1464 2757 1609 2803 sonorum
1630 2740 1702 2805 lusu

545 2852 647 2919 bellus
673 2849 726 2914 ille
747 2850 877 2926 Demus,
905 2846 1074 2912 multorum
1103 2844 1290 2910 desiderium
1317 2852 1348 2911 et
1374 2846 1514 2928 deliciae,
1543 2855 1575 2915 et
1595 2872 1703 2917 sensus

545 2962 753 3030 similitudine
775 2960 1040 3047 perstringeretur.
1083 2958 1124 3023 Et
1149 2956 1242 3022 schol.
1271 2957 1310 3020 ad
1332 2958 1363 3021 11.
1385 2958 1422 3022 l.:
1450 2961 1548 3045 κημὸς
1569 2969 1701 3030 καλεῖται

545 3078 580 3142 τὸ
603 3081 669 3145 τοῖς
690 3075 843 3143 καδίσκοις
865 3072 1079 3157 ἐπιτιθέμενον,
1103 3069 1137 3136 δι’
1162 3069 1199 3135 οὖ
1214 3072 1267 3140 τὰς
1283 3072 1405 3156 ψήφους
1420 3072 1574 3152 καθίεσαν,
1594 3075 1642 3139 ἵνα
1659 3079 1700 3163 μὴ

546 3189 762 3255 ὸλισθάνωσιν.
787 3183 849 3249 ἔστι
873 3185 906 3249 δὲ
929 3184 1048 3271 πλέγμα
1069 3210 1095 3249 τι
1118 3187 1280 3255 δικτοῶθες
1300 3186 1350 3248 καὶ
1371 3185 1518 3270 ηθμῶδες
1540 3184 1575 3269 (i.
1591 3206 1617 3249 e.
1640 3208 1703 3254 uon

547 3299 659 3366 multis
687 3296 888 3364 foraminibus
910 3296 1106 3381 perforatum,
1130 3297 1184 3361 sed
1211 3297 1398 3383 perforatum
1424 3296 1562 3381 tantum)
1584 3297 1702 3366 ἄνωθεν

549 3410 659 3492 πλατά,
682 3411 821 3476 κάτωθεν
846 3408 957 3474 στενόν.
1000 3408 1076 3474 Rev.
1099 3415 1235 3474 tantum:
1257 3408 1355 3497 κημός
1377 3410 1438 3473 ἐστι
1461 3409 1581 3497 πλέγμα
1602 3436 1639 3492 τι,
1661 3413 1701 3477 δι’

549 3524 587 3591 οὔ
611 3525 667 3609 τὴν
692 3522 864 3606 θικαστικὴν
889 3527 992 3608 ψῆφον
1020 3522 1175 3588 καθίεσαν.
1219 3523 1331 3600 Quem,
1359 3520 1459 3606 qualis
1480 3520 1589 3605 fuerit,
1616 3523 1705 3589 faoile

547 3636 653 3723 quivis
675 3632 840 3716 intelliget,
870 3632 922 3719 qui
945 3633 1130 3698 nostratium
1151 3633 1277 3698 vaseula
1298 3632 1502 3719 conspexerit,
1531 3634 1644 3719 quibus
1666 3637 1706 3701 ad

548 3766 695 3814 nummos
724 3743 907 3827 colligendos
934 3744 983 3809 vel
1011 3746 1044 3809 in
1074 3746 1201 3810 ecelesia
1226 3746 1275 3812 vel
1308 3746 1383 3810 alibi
1413 3746 1540 3811 utimur.
1589 3747 1706 3813 Plurali

552 3878 684 3927 numero
706 3857 805 3922 utitur
828 3856 968 3922 Comicus
991 3879 1019 3922 ν.
1036 3857 1115 3924 754:
1137 3860 1314 3945 κάπισταίην
1336 3860 1384 3923 ἐπὶ
1402 3865 1466 3930 τοῖς
1486 3865 1597 3946 κημοῖς
1620 3868 1708 3947 ψηφι-

553 3973 693 4061 ζομένων
726 3971 742 4033 ὁ
770 3973 958 4047 τελευταῖος,
986 3969 1090 4054 ibique
1117 3992 1174 4055 pro
1188 3977 1265 4043 τοῖς
1291 3972 1445 4042 καδίσκοις
1465 3972 1565 4037 utitur
1595 3973 1709 4037 iterum

553 4084 734 4168 significans
756 4082 832 4145 duas
855 4081 948 4146 luisse
970 4102 1078 4162 urnas3
1100 4082 1177 4146 item
1199 4105 1228 4148 ν.
1253 4084 1349 4149 1339:
1379 4087 1470 4173 βάλλε
1496 4086 1629 4171 κημούς,
1655 4084 1710 4149 ubi

552 4196 647 4263 schol.
677 4194 769 4259 bene:
805 4196 896 4283 βάλλε
924 4195 955 4264 ἐς
982 4194 1113 4281 κόρακας
1141 4196 1178 4260 τὰ
1206 4199 1358 4261 δικαστικά
1387 4198 1488 4283 σκεύη.
1533 4195 1592 4260 Sed
1614 4216 1710 4279 quum

551 4330 648 4375 senex
670 4306 806 4392 puellam
828 4327 934 4371 seeum
954 4306 1066 4385 trahat,
1088 4307 1202 4371 iterum
1223 4307 1304 4372 ludit
1318 4314 1408 4393 poeta
1422 4311 1496 4396 πρὸς
1509 4308 1543 4372 τὸ
1559 4308 1711 4394 κακέμφα·

552 4447 616 4488 τον.
651 4418 759 4498 Multa,
782 4418 835 4482 sed
857 4420 930 4483 novi
952 4439 1013 4483 non
1029 4418 1165 4483 multum
1179 4420 1266 4484 affert
1280 4421 1442 4485 scholiasta
1455 4419 1558 4503 Equit.
1572 4440 1601 4483 v.
1621 4420 1712 4484 1150.

554 4534 605 4600 lbi
629 4533 747 4596 Demus
769 4531 953 4597 facetissime
976 4552 1080 4615 eogere
1102 4554 1134 4597 se
1157 4532 1232 4597 dioit
1252 4535 1334 4597 fures
1356 4530 1502 4618 publiooS,
1525 4535 1560 4594 ut
1580 4531 1613 4595 id
1635 4531 1716 4615 quod

553 4646 652 4712 iurati
675 4650 778 4710 essent
800 4652 983 4724 evomerent,
1006 4667 1129 4710 camum
1152 4645 1191 4709 iis
1213 4644 1246 4708 in
1269 4651 1376 4727 guttur
1396 4643 1625 4708 immittentem.
1669 4644 1717 4708 lbi

1480 4746 1510 4799 9*
