4484 5467
757 643 801 695 DE
820 642 978 697 TEMPORE
997 641 1158 697 FABVLAE
1175 641 1368 696 VESPARVH
1386 643 1498 697 Acran
1671 643 1708 705 11

543 827 698 893 vocamus,
721 812 912 879 didascalicis
927 814 1005 897 nihil
1022 819 1148 892 constet,
1170 835 1269 899 neque
1282 822 1520 880 consentaneum
1531 814 1580 891 sit,
1595 819 1700 899 poetas

543 949 633 992 suam
655 928 792 1012 ipsorum
813 925 974 1004 victoriam
994 925 1125 1004 tabulis,
1154 946 1193 989 ne
1216 925 1317 990 dicam
1337 926 1522 1011 tripodibus,
1550 925 1700 990 celebrare

542 1043 598 1102 aut
620 1038 752 1103 voluisse
774 1043 828 1101 aut
845 1037 990 1130 potuisse,
1013 1042 1107 1102 restat
1122 1037 1259 1121 quaestio
1282 1036 1327 1100 dc
1340 1036 1484 1119 catalogis
1500 1036 1700 1101 didascalicis.

541 1151 606 1215 Hos
628 1149 751 1236 publico
773 1153 879 1212 sumtu
900 1148 994 1211 factos
1016 1167 1089 1226 esse,
1116 1148 1173 1211 etsi
1196 1153 1335 1231 ueterum
1356 1147 1470 1225 nullus,
1493 1148 1699 1233 quodecim,

541 1260 684 1340 tradidit,
718 1267 749 1324 et
770 1261 803 1323 in
831 1258 949 1329 theatro
970 1260 1114 1339 maxime,
1137 1260 1171 1324 in
1192 1259 1320 1342 Dionysi
1341 1259 1426 1337 lano,
1448 1259 1567 1324 intoto
1587 1259 1698 1326 Lenaei

541 1394 615 1456 agro
636 1394 721 1438 sacro
754 1372 905 1458 depositos
926 1392 991 1436 esse
1012 1393 1067 1457 per
1089 1394 1121 1436 se
1143 1378 1236 1457 patet
1276 1372 1422 1451 Quorum,
1444 1371 1471 1436 si
1493 1392 1564 1436 cum
1585 1370 1700 1437 Boeclr·
1760 1417 1763 1423 ,

541 1484 604 1549 hio'
617 1484 692 1548 fides
721 1484 863 1549 habenda
885 1491 932 1549 est
952 1484 1163 1563 Fcurmontio,
1193 1484 1458 1570 simplicissimum
1479 1490 1510 1549 et
1530 1484 1699 1549 sincerissi-

541 1617 631 1661 mum
648 1595 832 1681 'exemplum
861 1595 1096 1681 deprehendisse
1124 1594 1203 1660 mihi
1231 1595 1334 1660 videor
1362 1595 1396 1660 in
1418 1595 1451 1659 0.
1473 1596 1496 1659 Ι.
1524 1595 1561 1659 Ν.
1584 1597 1644 1661 231
1668 1618 1698 1681 p.

544 1709 618 1773 353.
664 1707 883 1773 Columnarum
903 1709 1037 1793 priorem
1059 1708 1185 1787 ascribo,
1207 1730 1305 1793 quum
1327 1708 1453 1774 alterius
1473 1708 1580 1773 literae
1601 1729 1699 1793 paene

540 1819 682 1903 singulae
704 1820 868 1907 supersint
1630 1825 1632 1828 ’

793 1980 883 1997 .....
906 1958 939 1997 τε
960 1932 1143 2019 ....]στιδι,

791 2045 855 2108 rina.
876 2042 1123 2131 Ἀριστόμ]αχός.

789 2154 982 2241 Ἀντιφάνη]ς
1004 2180 1074 2240 nep.
1095 2153 1396 2241 Ἀνασῳζο[μένοις,]
1421 2195 1423 2198 -

665 2324 670 2336 ,
789 2270 853 2333 ὑπε.
874 2267 1076 2355 Ἀντ]ιφ,άνης.

790 2426 838 2443 ...
852 2427 860 2442 .
877 2370 999 2464 diupo<
1021 2381 1113 2445 ἐνίκα.

743 2490 812 2557 Ἐπὶ
833 2490 991 2578 Δι]οτίμου
1014 2492 1148 2578 Σιμύλος
1171 2492 1335 2580 [πρω....
1395 2539 1397 2542 .
1480 2536 1484 2543 -

790 2604 850 2690 cia,
874 2604 938 2668 ὑπε.
960 2603 1191 2692 Ἀριστόμαχος.

790 2714 945 2801 Διόδωρος
967 2719 1027 2781 deu.
1050 2716 1170 2803 Νεκρῷ,

790 2827 855 2890 tae.
876 2824 1106 2913 Ἀριστόμαχος.

788 2937 943 3024 Διόδωρος
964 2963 1018 3025 τρι.
1040 2938 1226 3024 Μαινομένῳ

740 3044 742 3049 ’
791 3048 870 3135 ὑ]πε.
906 3047 1066 3135 Κηφίσιος·
1154 3069 1155 3072 ’

791 3206 924 3223 .......
936 3185 972 3246 ης
993 3184 1034 3223 τε.
1068 3160 1186 3245 Ποηηῖ,

790 3273 854 3336 ὑπε.
878 3271 1042 3359 .....]ης.

538 3386 627 3449 Certe
654 3390 760 3470 poetae
794 3383 932 3473 eiusdem
965 3383 1188 3449 commissionis
1221 3380 1386 3449 nominati
1404 3390 1491 3462 sunt3
1529 3384 1582 3448 sed
1615 3385 1695 3470 quod

537 3497 710 3562 Boeckhius
738 3496 922 3582 praemittit:
948 3497 1103 3581 „Utraque
1131 3496 1275 3562 columna
1302 3496 1341 3561 ad
1370 3496 1477 3560 eadem
1498 3496 1581 3562 haud
1602 3496 1695 3562 dubie

537 3607 699 3673 sollemnia
721 3609 891 3694 pertiuet“:
913 3608 946 3672 id
962 3609 1078 3673 nonde
1099 3610 1194 3674 unius
1215 3610 1290 3673 anni
1312 3608 1511 3674 sollemnibus
1534 3608 1625 3674 debet
1646 3610 1694 3675 in-

537 3720 646 3803 telligi,
675 3742 771 3806 quum
794 3719 947 3785 archontis
969 3740 1082 3784 nomen
1104 3721 1139 3784 in
1159 3721 1262 3785 media
1283 3722 1325 3786 sit
1344 3720 1543 3806 inscriptione
1565 3727 1596 3785 et
1617 3721 1695 3785 duae
1810 3756 1813 3760 <

537 3832 640 3916 potius
661 3831 891 3897 commissiones
913 3853 975 3897 uno
997 3831 1053 3896 hoc
1075 3832 1211 3913 catalogo
1239 3831 1544 3918 comprehendantru.
1588 3833 1695 3917 ltaque

537 3944 603 4027 ipse
625 3943 673 4006 vir
695 3963 834 4006 summus
856 3935 957 4006 voluit
976 3941 1118 4024 intelligi.
1166 3941 1246 4022 „Col
1268 3943 1282 4005 I
1305 3944 1380 4006 duos
1408 3942 1618 4027 complectitur
1639 3965 1694 4008 au-

539 4076 608 4134 nos;
630 4053 781 4118 secundus
803 4053 915 4138 incipit
936 4075 955 4117 a
979 4074 1023 4116 vs.
1047 4055 1076 4130 6,
1099 4053 1154 4116 ubi
1176 4054 1288 4117 archon
1310 4053 1464 4118 Dictimus
1487 4053 1533 4118 Ol.
1558 4057 1628 4148 106,
1645 4057 1694 4120 3.“
1770 4113 1773 4118 ,

538 4166 598 4242 Qui
620 4187 718 4251 quum
740 4166 896 4243 statuerit,
925 4165 1031 4229 cadem
1060 4165 1222 4230 sollemnia
1242 4165 1352 4244 luisse,
1380 4188 1545 4251 eorumque
1560 4188 1693 4247 nomen,

538 4278 625 4342 cuius
647 4278 681 4341 in
697 4276 788 4341 titulo
803 4276 890 4341 nulla
905 4277 1020 4340 mentio
1034 4277 1114 4341 facta
1129 4283 1183 4355 est,
1195 4266 1462 4363 suprascriptum
1477 4278 1580 4354 irrisae,
1603 4299 1693 4343 nemo

537 4388 628 4453 facile
648 4388 774 4452 habebit
796 4390 876 4473 qnod
899 4389 1094 4454 contradicat.
1139 4390 1289 4455 Columna
1310 4396 1414 4453 autem
1435 4390 1518 4476 prior
1532 4410 1692 4473 quumco-

537 4501 633 4566 micos
666 4499 834 4577 contineat,
863 4500 959 4564 altera
985 4500 1130 4582 tragicos,
1164 4501 1330 4567 dolendum
1357 4507 1416 4578 est,
1449 4500 1635 4583 tragicorum
1662 4512 1693 4569 et

538 4611 725 4677 histrionum
753 4612 883 4677 nomina
905 4631 1003 4699 paene
1023 4617 1089 4677 tota
1109 4612 1250 4699 periisse,
1278 4612 1324 4677 ita
1344 4617 1381 4676 ut
1401 4616 1515 4676 certam
1547 4613 1692 4700 indagare
