4484 5467
549 614 591 678 70
929 619 1117 676 raonucou.
1153 619 1265 674 onrvr
1283 619 1318 674 1u

544 783 742 864 Schneidero,
769 786 839 850 aliis
866 786 1029 871 diligenter
1057 789 1183 855 collecta
1214 796 1350 877 repetere
1383 792 1584 875 supersedeo.
1633 792 1694 858 llihi

542 896 666 981 quidem
695 918 793 961 unum
821 899 877 964 hoc
903 921 1010 965 verum
1039 909 1130 987 atque
1157 903 1256 968 cuivis
1283 907 1444 988 acceptum
1475 902 1605 968 videtur
1636 924 1695 982 esse

417 1014 422 1023 ‘
542 1018 638 1075 totam
659 1009 843 1075 orchestram
865 1011 968 1094 lignea
989 1014 1237 1079 contabulatione
1251 1020 1460 1100 supertectam
1474 1015 1586 1093 fuisse,
1608 1015 1696 1099 itaque

542 1122 823 1188 contabulationem
849 1122 980 1188 sormam
1007 1124 1150 1190 habuisse
1179 1124 1277 1210 ipsius
1304 1124 1475 1204 conistrae,
1503 1126 1525 1190 i.
1550 1146 1579 1190 e.
1605 1126 1696 1192 circuli

542 1234 658 1300 directa
677 1233 791 1322 pulpiti
812 1233 895 1298 linea
916 1236 1035 1300 abscisi.
1079 1235 1288 1302 Altitudinem
1312 1238 1450 1322 quinque
1473 1239 1597 1324 pedum
1618 1240 1696 1304 fulmo

542 1350 630 1416 facile
657 1350 801 1431 conced03
835 1355 930 1415 restat
956 1350 1176 1436 hyposcenium
1198 1352 1274 1416 satis
1296 1350 1404 1428 altum,
1433 1350 1520 1433 quod
1543 1352 1656 1417 statuis
1674 1356 1697 1415 et

543 1461 711 1528 columellis
727 1469 933 1527 exornaretur.
966 1463 1186 1529 Verumtamen
1207 1470 1295 1529 tanta
1315 1462 1582 1530 contabulationis
1605 1465 1698 1530 altitu·

543 1574 615 1639 dine
642 1595 718 1659 opus
744 1595 805 1638 non
832 1574 940 1653 suerit3
969 1581 1050 1638 certe
1078 1597 1175 1661 quum
1203 1575 1369 1640 maioribus
1398 1595 1477 1660 opus
1499 1576 1618 1642 misse
1637 1576 1698 1642 suh

542 1685 777 1767 structionibus,
809 1686 1012 1751 Athenienses
1045 1687 1092 1767 id,
1127 1689 1207 1772 quod
1239 1688 1357 1754 minore
1389 1688 1524 1754 artificio
1559 1695 1593 1754 et
1620 1710 1699 1775 opera

542 1803 659 1883 poterat
686 1797 817 1875 exstrui,
845 1796 1054 1883 praetulerint.
1099 1799 1168 1864 Tali
1196 1806 1299 1865 autem
1326 1799 1415 1865 modo
1442 1800 1608 1868 orchestra
1628 1802 1698 1866 binis

540 1914 663 1973 tantum
685 1908 774 1973 scalis
795 1910 960 1992 indigebat,
985 1910 1096 1992 quibus
1116 1932 1172 1996 per
1186 1911 1313 1997 parodos
1328 1909 1477 1978 adeuntes
1493 1913 1697 1978 ascenderent

541 2021 578 2086 In
599 2020 755 2106 pulpitum
778 2022 917 2104 denique,
940 2020 973 2083 rh
998 2025 1128 2104 λογεῖον,
1150 2029 1206 2086 aut
1228 2022 1309 2087 binis
1324 2010 1464 2088 autunis
1489 2024 1587 2090 scalis
1602 2046 1697 2091 ascen-
1733 2014 1734 2017 ¹

491 2119 494 2125 ¹
542 2133 678 2198 debatur.
722 2134 855 2215 Vterque
883 2132 968 2196 enim
988 2133 1173 2198 ascendendi
1195 2134 1302 2199 modus
1325 2135 1415 2199 certis
1438 2136 1696 2219 quibusdamni-

540 2246 617 2310 titur
639 2244 837 2327 argumentis.
879 2244 995 2308 Verum
1022 2265 1082 2329 quo
1110 2246 1279 2331 expeditior
1300 2253 1331 2311 et
1351 2247 1469 2311 facilior
1490 2248 1614 2333 pulpiti
1634 2271 1696 2316 cum

541 2357 694 2422 orchestra
715 2356 903 2434 coniunctio,
932 2376 967 2420 eo
988 2356 1096 2423 melior
1124 2356 1215 2442 atque
1236 2358 1388 2423 usitatior.
1432 2359 1535 2435 Quare
1559 2362 1696 2446 equidem

541 2490 620 2533 unas
641 2467 738 2532 scalas
758 2468 852 2531 fuisse
874 2468 1091 2548 contenderim,
1114 2470 1188 2533 satis
1211 2469 1298 2552 latas,
1321 2491 1399 2555 quae
1418 2470 1467 2534 vel
1482 2471 1558 2556 plus
1575 2473 1696 2540 dimidia

541 2587 627 2665 parte
653 2579 733 2662 logei
759 2586 950 2663 occuparent.
1001 2580 1064 2645 Has
1091 2602 1163 2646 vero
1191 2582 1288 2645 scalas
1315 2581 1364 2645 vel
1392 2581 1480 2647 binas
1514 2584 1574 2649 has
1609 2587 1695 2651 scalas

472 2721 474 2725 ¹
541 2713 578 2755 ex
608 2691 709 2776 lapide
737 2693 831 2755 iactas
860 2712 924 2755 esse
950 2692 1115 2776 probabile,
1133 2699 1193 2772 est,
1222 2715 1332 2778 easque
1359 2714 1413 2779 per
1435 2693 1508 2759 dies
1537 2698 1693 2764 sollemnes

540 2804 785 2869 contabulatione
801 2803 969 2868 orchestrae
984 2826 1022 2867 ex
1035 2810 1121 2889 parte
1136 2811 1297 2870 contectas.
1313 2843 1354 2852 -
1375 2804 1435 2870 Sed
1449 2806 1516 2871 iam
1530 2809 1573 2873 ad
1587 2812 1693 2897 Vespas

539 2915 642 2994 redeo,
672 2937 750 3000 quae
777 2915 855 2980 mihi
883 2916 1051 2981 certissimo
1078 2924 1152 2982 sunt
1173 2918 1364 2996 testimonio,
1387 2910 1579 2986 sententiam
1602 2944 1692 2988 meam

539 3029 576 3092 de
604 3028 712 3093 habitu
738 3029 908 3094 orchestrae
935 3030 1120 3114 propositam
1148 3030 1222 3094 satis
1249 3051 1362 3113 magna
1393 3031 1459 3094 veri
1491 3032 1691 3100 similitudine

539 3141 607 3206 niti.
650 3142 774 3206 Etenim
802 3142 926 3220 chorus,
954 3146 1115 3226 postquam
1143 3163 1214 3206 cum
1235 3141 1428 3207 Philocleone
1449 3143 1546 3208 verba
1567 3147 1642 3212 fecit
1662 3146 1690 3209 do

540 3254 656 3340 optima
683 3254 822 3337 fugiendi
843 3254 960 3317 ratione
988 3274 1079 3336 seque
1105 3253 1248 3318 idoneam
1270 3274 1358 3339 opem
1380 3253 1519 3319 laturum
1541 3278 1610 3322 esse
1632 3279 1690 3343 pro

538 3367 640 3447 misit,
673 3367 779 3431 stetim
806 3366 919 3431 aculeis
947 3365 1067 3429 infestis
1097 3365 1248 3451 proelium
1274 3366 1493 3431 commissurus
1521 3375 1584 3447 est,
1619 3368 1689 3454 quod

538 3479 657 3544 socium
689 3500 708 3541 a
737 3478 800 3543 filio
834 3478 989 3562 servisque
1021 3477 1135 3542 iterum
1166 3478 1371 3564 interceptum
1405 3478 1500 3544 videt.
1557 3481 1688 3557 Advolat,

538 3590 638 3655 multa
665 3612 736 3654 cum
764 3590 941 3673 garrulitate
969 3596 1096 3674 occupat
1123 3589 1294 3675 pulpitum,
1324 3590 1463 3669 domum,
1493 3612 1590 3677 quam
1618 3594 1690 3658 filius

539 3710 569 3769 et
583 3703 656 3768 socii
672 3702 819 3781 obsident,
843 3701 1025 3786 aggreditur.
1060 3701 1120 3766 Sed
1141 3701 1322 3788 propellitur
1343 3702 1432 3767 facile
1454 3703 1492 3766 ab
1515 3705 1691 3771 adversariis

537 3815 748 3891 Philocleonis,
771 3815 887 3898 quise,
910 3815 1019 3879 timore
1041 3814 1170 3893 sublato,
1193 3815 1389 3879 cohortantur
1414 3815 1556 3882 versibus
1583 3819 1691 3903 aliquot

537 3951 566 3994 v.
588 3928 651 3993 456
673 3948 751 4011 sqq.:
1262 3932 1267 3945 '

666 4046 736 4103 παῖε
758 4040 837 4117 παῖ’,
867 4040 1040 4118 &Euthicu
1070 4040 1141 4110 τοὺς
1164 4045 1283 4126 σφῆκας
1305 4041 1364 4104 ἀπὸ
1387 4046 1442 4125 τῆς
1465 4043 1570 4111 οἰκίας.

602 4159 633 4217 et
663 4152 736 4238 ,οὐχὶ
759 4152 883 4231 σοῦσθ’;
907 4152 964 4215 οὐκ
986 4154 1017 4222 ἐς
1039 4151 1185 4238 κόρακας
1208 4152 1265 4216 οὐκ
1280 4152 1379 4233 ἅπιτε;
1402 4157 1473 4217 παῖε
1495 4160 1541 4239 τῷ
1565 4156 1655 4242 ξύλῳ.

538 4265 616 4329 Cum
652 4284 742 4327 versu
776 4263 853 4326 463:
901 4262 959 4349 ἄρα
994 4262 1062 4348 δῆτ’
1100 4264 1155 4327 οὐκ
1188 4265 1264 4329 αὐτὰ
1304 4268 1383 4349 δῆλα
1412 4269 1474 4329 κτλ.
1514 4264 1625 4331 chorus
1663 4268 1693 4330 in

539 4378 722 4441 orchestram
744 4374 853 4460 pedem
876 4375 1005 4456 rettulit,
1033 4380 1064 4439 et
1086 4396 1146 4459 quo
1168 4383 1303 4462 tempore
1326 4376 1409 4440 filius
1431 4376 1512 4461 patri
1533 4379 1693 4462 persuadet

537 4493 573 4550 ut
600 4509 703 4552 secum
725 4487 764 4551 ad
785 4486 943 4572 placidum
963 4487 1125 4552 verborum
1152 4510 1187 4552 ao
1214 4488 1431 4573 disputationis
1459 4493 1615 4554 certamen
1643 4492 1691 4556 de·

539 4599 675 4679 scendet,
708 4600 873 4665 stationem
902 4599 985 4664 chori
1014 4598 1199 4683 legitimam,
1229 4621 1323 4687 quam
1349 4601 1383 4665 in
1411 4599 1513 4665 media
1543 4602 1693 4670 orchestra
