4484 5467
948 629 1174 688 ’ΣΦΗΚΕΣ
1592 635 1653 698 281

973 800 1181 860 ΦΙΛΟΚΛΕΩΝ.

653 902 745 988 οίμοι,
772 903 801 965 τί
827 900 901 964 ποθ’
933 901 1036 986 ὥσπερ
1066 903 1160 987 νάρκη
1191 924 1250 986 μου
1273 902 1348 965 κατὰ
1369 906 1424 983 τῆς
1446 902 1547 988 χειρὸς
1569 926 1654 966 κατα·

1323 1018 1434 1098 χεῖται;

652 1127 701 1190 καί
722 1125 755 1189 τὸ
781 1126 865 1210 ξίφος
881 1122 917 1187 οὐ
934 1122 1063 1207 δύναμαι
1078 1123 1224 1209 κατέχειν,
1247 1122 1310 1187 ἀλλ’
1328 1124 1389 1209 ἤδη
1408 1123 1563 1210 μαλθακός
1579 1126 1654 1209 είμι;

959 1245 1197 1303 ΒΔΕΛΪΚΛΕΩΝ.

653 1348 715 1414 ἀλλ’
742 1345 853 1412 ὁπόταν
879 1346 932 1430 μὲν
956 1344 1081 1410 δείσυσ’
1106 1345 1204 1422 αὐτοί,
1226 1347 1280 1430 τὴν
1305 1345 1437 1435 Εὔβοιαν
1462 1347 1593 1412 διδόασιν
1708 1428 1710 1431 Ι

654 1461 734 1546 ὑμῖν,
757 1460 806 1522 καὶ
829 1462 910 1522 σῖτον
936 1458 1106 1542 ὑφίστανται
1128 1458 1203 1521 κατὰ
1226 1460 1410 1543 πεντήκοντα
1436 1460 1598 1545 μεδίμνους

652 1574 782 1656 ποριεῖν·
812 1568 922 1633 ἔδοσαν
953 1566 982 1632 δ’
1008 1566 1168 1633 οὐπώποτέ
1197 1594 1244 1633 σοι
1268 1571 1347 1653 πλὴν
1371 1573 1472 1656 πρώην
1497 1571 1583 1635 πέντε
1607 1596 1654 1656 με·

1325 1681 1457 1766 δίμνους,

651 1794 808 1859 καὶταῦτα
825 1790 910 1877 μόλις
927 1792 1021 1866 ξενίας
1036 1790 1157 1876 φεύγων
1175 1790 1283 1880 ἔλαβες
1297 1793 1372 1858 κατὰ
1387 1794 1514 1878 χοίνικα,
1530 1795 1653 1880 κριθῶν.

534 2068 628 2121 κ.713.
663 2064 724 2120 ποθ’
745 2066 830 2135 vulgo.
848 2062 955 2119 πέπονθ’
979 2064 1051 2118 Suid.
1073 2080 1094 2118 s.
1112 2082 1136 2117 v.
1158 2065 1253 2138 adona:
1275 2066 1342 2119 unde
1364 2066 1440 2119 Dind.
1463 2067 1654 2135 suspicabatur:

567 2154 633 2223 οἶμοι
648 2153 675 2207 τί
690 2149 811 2217 πέπονθ’;
832 2150 916 2224 ὥσπερ
937 2152 1018 2223 νάρκη
1043 2152 1110 2205 κατὰ
1132 2153 1214 2224 χειρός
1232 2165 1282 2221 μου
1305 2160 1461 2226 καταχεῖται.
1496 2154 1585 2206 Melius
1603 2153 1655 2204 Ku-

567 2244 649 2293 sterus
666 2240 700 2293 ad
716 2240 834 2293 Suidam:
852 2237 919 2308 οίμοι
935 2238 960 2291 τί
976 2234 1098 2303 πέπονθ’;
1116 2237 1153 2297 ὡς
1169 2242 1250 2313 νάρκη
1264 2258 1314 2309 μου
1331 2242 1399 2294 κατὰ
1415 2245 1462 2311 τῆς
1480 2239 1562 2315 χειρὸς
1576 2259 1654 2293 κατα-

566 2332 654 2399 χεῖται,
671 2325 742 2378 salro
760 2324 876 2388 articulo,
893 2324 965 2393 prob.
983 2323 1090 2376 Porson.
1127 2324 1223 2378 Tamen
1241 2326 1337 2380 suffieit
1354 2327 1465 2396 vulgata.

531 2428 555 2463 r.
568 2409 625 2463 715.
660 2409 724 2463 Post
740 2408 812 2461 αίιποί
827 2408 973 2477 interpungi
989 2407 1061 2460 iubet
1078 2408 1155 2460 etiam
1172 2410 1289 2479 Lenting.

531 2516 554 2551 ν.
567 2498 626 2552 718.
661 2497 807 2550 Dobraeus:
826 2495 872 2561 „Si
887 2494 929 2547 rel
941 2510 1007 2547 unus
1020 2493 1101 2548 codex
1114 2495 1187 2548 daret
1202 2495 1300 2569 κριθάς,
1318 2498 1400 2553 libens
1412 2499 1560 2568 acciperem.
1590 2497 1655 2550 Vide

564 2585 641 2639 ctiam
659 2600 693 2636 an
710 2582 916 2651 distinguendum
934 2580 1069 2652 μεδίμνους
1090 2582 1143 2644 (καὶ
1161 2612 1195 2620 -
1213 2583 1324 2657 cedros)
1341 2584 1441 2655 ἔλαβες,
1463 2585 1530 2638 κατὰ
1548 2582 1655 2660 χοίνικα,

562 2668 661 2743 κριθάς.
698 2669 732 2722 lit
757 2670 843 2724 neseio
870 2686 903 2722 an
929 2670 966 2723 sic
992 2669 1083 2737 legerit
1108 2669 1206 2723 schol.“

597 2784 632 2793 -
655 2753 729 2825 ἔλαβε
753 2754 784 2807 R.
803 2750 829 2806 Γ.
848 2753 880 2805 V.
902 2769 953 2808 sec.
979 2752 1042 2807 Oob.
1061 2752 1148 2822 ἔλαβεν
1166 2750 1195 2807 Δ.
1213 2755 1300 2825 ἔλαβες
1317 2757 1442 2826 impressi.

452 2984 537 3063 Ὺεὶρ
560 2990 584 3043 ol
606 2988 654 3048 τὰς
676 2985 762 3047 ἐλαίας
789 2982 902 3055 (μισθὸν)
933 2986 1053 3055 συνάγον·
1153 3002 1177 3038 ν.
1200 2986 1258 3038 717.
1299 2985 1402 3059 πρώηνι
1431 2987 1509 3041 schol.
1538 2992 1571 3041 τὰ
1600 2993 1655 3064 περὶ

454 3073 538 3137 'tes
558 3104 593 3113 -
611 3079 649 3145 τῷ
671 3092 695 3126 τ.
720 3092 748 3142 μ.
769 3071 948 3145 ίχοντιετῷ
967 3069 1053 3124 κοιλα·
1101 3073 1149 3141 τὴν
1173 3067 1280 3141 Εὔβοιαν
1303 3071 1407 3125 δθναται
1428 3075 1472 3125 καὶ
1495 3072 1560 3126 αὐτὰ
1579 3080 1655 3147 συνη-

457 3160 578 3235 γμτη,
779 3164 780 3167 ’
1101 3156 1151 3209 δειν
1168 3166 1223 3217 ταῖς
1241 3158 1410 3217 διδασκαλίαις
1444 3159 1530 3231 πέρυσι
1548 3161 1595 3231 γὰρ
1614 3162 1653 3213 ἐπὶ

540 3266 567 3301 ν.
586 3244 646 3299 713.
673 3244 770 3317 νάρκηι
783 3242 962 3316 μυρμηκίασις,
976 3240 1051 3313 ὀκνη·
1102 3243 1224 3317 ἄρχοντος
1245 3241 1360 3317 Ἰσάρχου
1382 3244 1431 3308 (Ol.
1453 3244 1495 3310 89,
1522 3248 1544 3310 1)
1570 3246 1655 3316 ἐστρά-

460 3334 528 3390 βία
553 3333 626 3386 vict.
656 3330 794 3384 Menander
815 3347 856 3398 ap.
880 3330 971 3382 Athen.
995 3326 1051 3391 Vll,
1100 3348 1190 3382 τευσιιν
1209 3330 1251 3383 ἐπ’
1271 3330 1358 3401 αὐτὴν,
1377 3328 1413 3389 ὡς
1432 3327 1581 3403 Φιλόχορος.
1616 3329 1654 3384 cf.

462 3406 571 3475 3141>
590 3418 673 3490 ιαμ.
691 3417 763 3469 ont.
790 3417 821 3469 cf.
835 3416 910 3469 nean.
928 3415 998 3469 eom.
1015 3416 1052 3469 ιν
1102 3416 1215 3470 auarior,
1236 3417 1337 3485 nragm.
1359 3416 1413 3484 1p.
1432 3416 1491 3470 aee.
1526 3417 1655 3487 Quinqua-

462 3508 510 3565 IJ.
530 3505 596 3558 217.
1101 3516 1181 3569 genos
1202 3502 1281 3570 igitur
1301 3502 1400 3556 modios
1421 3519 1498 3572 quum
1520 3504 1655 3573 demagogi

539 3608 568 3644 v.
587 3590 647 3643 714.
688 3586 771 3660 tieem
800 3587 880 3641 schol.
910 3587 1005 3660 (ὥσπερ
1034 3587 1049 3641 δ
1100 3587 1207 3655 polliciti
1225 3591 1324 3653 essent,
1341 3589 1432 3657 quinos
1450 3593 1603 3657 acceperunt
1621 3591 1656 3643 ci·

468 3663 635 3739 Μενέλαος)
651 3677 740 3727 τοῦτον
754 3674 800 3745 γάρ
814 3691 888 3744 φασιν
901 3671 1049 3746 ὁρμήσαντα
1100 3687 1145 3725 ves
1171 3674 1260 3726 Attici.
1300 3675 1360 3728 Non
1386 3675 1564 3729 confundenda
1591 3675 1655 3729 haec

467 3755 526 3818 ἐπὶ
555 3762 605 3832 τὴν
624 3755 732 3831 Ἑλένην
761 3758 896 3827 ἀποβαλεῖν
918 3758 947 3811 τὸ
970 3756 1048 3831 ξίφος.
1099 3757 1203 3811 donatio
1220 3760 1261 3812 vel
1278 3760 1423 3814 distributio
1445 3777 1503 3814 eum
1525 3762 1657 3815 notissima

468 3844 501 3920 ἡ
522 3848 553 3902 δὲ
572 3845 669 3918 ἱστορία
680 3845 743 3917 παρ’
762 3840 852 3914 Ἰβίικιρ
864 3845 908 3897 καὶ
920 3840 1049 3919 Εὐριπίδη.
1100 3843 1281 3898 Psammetichi
1297 3845 1445 3913 largitione,
1467 3848 1557 3915 viginti
1573 3849 1656 3901 tribus

468 3938 517 3990 ei.
539 3932 714 3988 Andromach.
734 3930 784 3984 628
794 3946 848 3999 sqq.
1100 3929 1174 3981 annis
1197 3933 1255 3983 ante
1276 3930 1345 3984 iacta
1363 3931 1401 3985 Ol.
1423 3931 1515 3997 83‚.4‚
1541 3934 1655 4001 Lysima-

539 4036 566 4072 v.
592 4015 652 4070 715.
686 4012 805 4086 Εὔβοιαν.
840 4016 958 4069 Miseram
980 4018 1050 4069 illam
1100 4014 1176 4067 ohida
1193 4016 1322 4070 archonte.
1356 4018 1393 4069 De
1412 4021 1518 4087 utraque
1536 4020 1655 4071 frumenti

469 4100 635 4167 Euboeam,
653 4119 726 4171 quae,
744 4106 773 4155 ut
791 4101 910 4155 Gomicus
928 4103 964 4155 ait
982 4102 1049 4156 Nub.
1100 4100 1235 4170 largitione
1257 4102 1308 4156 rid.
1332 4103 1491 4156 Dindorfium
1515 4104 1548 4155 ad
1574 4104 1654 4158 schol.

471 4189 555 4256 211,
581 4189 615 4242 ab
638 4188 837 4241 Atheniensibus
860 4191 887 4240 et
908 4188 1006 4241 Pericle
1023 4190 1050 4242 in
1101 4185 1213 4241 Boeclrh.
1232 4188 1344 4241 Staatsh.
1361 4188 1373 4240 l
1391 4206 1416 4257 ρ.
1436 4189 1468 4242 97
1486 4204 1523 4258 sq.

473 4273 679 4347 longItudinem
697 4277 818 4343 protensa
840 4274 948 4326 iacebat.
983 4274 1050 4327 Plut.
1152 4289 1176 4325 v.
1195 4273 1253 4326 718.
1288 4272 1368 4335 ξενίας
1390 4273 1502 4346 ρεθχυινε
1524 4276 1603 4328 schol.
1622 4305 1655 4314 -

476 4360 520 4419 V.
544 4360 639 4416 Pericl.
658 4376 680 4413 c.
703 4360 719 4412 7
747 4357 791 4412 τδν
813 4358 896 4430 δῆμον
915 4358 937 4411 οἱ
954 4377 1049 4430 κωμῳ-
1100 4358 1126 4410 ἐν
1148 4366 1203 4418 ταῖς
1227 4358 1359 4429 διανομαῖς
1382 4366 1434 4412 τῶν
1457 4366 1544 4434 πυρῶν
1568 4360 1655 4434 ἐξητά-

479 4445 587 4503 δοποιοί
599 4445 698 4517 λέγουσι
710 4474 744 4482 -
757 4444 855 4498 δάκνειν
872 4446 919 4515 τἠν
932 4441 1049 4514 Εὔβοιαν.
1100 4446 1172 4507 ζοντο
1188 4451 1287 4517 πικρῶς
1305 4445 1331 4498 oi
1345 4464 1373 4499 τε
1391 4446 1490 4499 πολῖται
1508 4448 1551 4499 καὶ
1568 4448 1591 4499 οἱ
1609 4449 1655 4518 μή,

481 4533 626 4589 01110111.
651 4531 722 4585 Gom.
744 4531 781 4583 IV
799 4548 825 4600 p.
843 4531 902 4584 677.
937 4530 1049 4585 Boeekh.
1100 4529 1167 4584 ὥστε
1188 4530 1270 4583 δοκεῖν
1293 4530 1373 4592 ξενίας
1398 4531 1495 4603 φιθηειν
1519 4532 1553 4591 ele
1574 4534 1653 4605 κρίσιν

484 4618 604 4673 Staatsh.
621 4618 635 4671 1
651 4635 677 4687 p.
695 4616 754 4671 458.
1098 4613 1307 4686 καθισταμένους.
1358 4619 1395 4670 De
1424 4633 1529 4671 numero
1559 4619 1653 4674 civium
