4484 5467
538 576 598 639 lec
919 571 1108 626 Ριιιιιιιιιιιει.
1144 571 1256 625 capvt
1275 571 1311 625 lv

536 745 656 809 auditor
677 750 732 814 est.
755 766 775 806 a
794 763 881 806 servo
896 747 1149 826 repraesentatus.
1172 741 1259 807 Dem.
1274 745 1352 809 κατὰ
1365 743 1526 832 'Apteron
1540 744 1572 810 σι’
1595 765 1622 829 p.
1633 746 1675 809 us

536 859 732 943 θεωρήσουσι
756 854 784 919 δ’
810 856 886 940 ὑμᾶς
910 857 937 917 ol
958 852 1182 940 περιεστηκότες
1196 854 1246 918 καὶ
1262 855 1340 927 ξένοι
1356 858 1408 921 καὶ
1424 862 1557 923 πολῖται.
1588 856 1677 921 Votuin

537 977 641 1033 tamen
671 975 775 1031 utrum
799 965 966 1046 Philocleo,
996 965 1070 1028 dum
1098 965 1233 1047 intrant,
1257 965 1379 1033 loeutus
1400 968 1447 1034 ait
1469 968 1568 1034 verba
1587 969 1626 1039 τίς
1643 965 1677 1054 lp’

539 1083 556 1144 t
579 1079 714 1166 φεύγωνς
736 1099 777 1141 an
798 1076 953 1141 adstantes
975 1097 1077 1141 coram
1099 1077 1330 1157 examinaverit,
1353 1079 1477 1145 dubito.
1522 1079 1626 1166 Neque
1641 1079 1681 1144 hc

537 1191 643 1274 magni
672 1189 828 1254 momenti.
879 1189 967 1253 Certa
997 1189 1041 1252 ita
1067 1188 1286 1272 distinguenda
1313 1200 1390 1256 sunt
1417 1191 1537 1271 verba,
1567 1196 1603 1255 ut
1625 1209 1682 1273 ag

539 1302 622 1388 apud
644 1299 811 1383 Bergidum
832 1307 887 1378 est,
911 1307 946 1364 ut
968 1299 1156 1364 Philocleoni
1180 1301 1382 1385 interroganti
1397 1302 1570 1386 Bdelycleo
1583 1321 1684 1387 respou-

539 1414 625 1478 deat:
648 1412 747 1482 οὔτις,
769 1415 837 1475 tum
858 1431 951 1476 senex
974 1411 1026 1495 qui
1049 1432 1170 1496 semper
1190 1418 1277 1498 τιμᾶν
1300 1414 1418 1503 βλέπει,
1450 1434 1551 1479 causa
1572 1413 1686 1479 nondun

538 1525 660 1608 cognita
680 1522 842 1587 exclamet:
866 1523 937 1587 ὅσον
960 1523 1123 1587 albescere!
1147 1561 1188 1570 —
1210 1523 1276 1588 Iam
1298 1523 1466 1609 Bdelyeleo
1489 1525 1611 1591 scribae
1630 1545 1686 1610 que

540 1656 600 1719 que
621 1633 738 1719 publici
759 1654 873 1698 munus
895 1634 1066 1719 suscipiens
1089 1635 1292 1701 accusationis
1313 1635 1459 1700 libellum
1476 1636 1591 1703 recitat
1604 1636 1688 1703 894-

541 1749 620 1825 8983
648 1753 679 1810 ot
706 1767 793 1810 reum
821 1745 915 1810 simul
943 1751 973 1810 et
1002 1753 1209 1811 accusatorem
1237 1746 1378 1832 producit
1399 1748 1606 1834 ostenditque
1625 1746 1689 1812 iudi·

541 1858 636 1922 cibus.
681 1858 768 1934 Quod
789 1857 856 1922 sine
878 1857 972 1922 dubio
994 1879 1010 1921 e
1032 1857 1211 1941 quotidiana
1232 1858 1456 1923 consuetudine
1480 1866 1632 1943 sumtum,
1651 1878 1690 1923 ne
1733 1865 1734 1912 i

541 1991 600 2053 que
628 1969 769 2034 abhorret
794 1969 876 2053 quod
903 1990 996 2034 senex
1024 1970 1166 2053 garrulus
1187 1977 1218 2035 et
1244 1970 1380 2036 fervidus
1403 1972 1571 2037 continere
1592 1992 1625 2036 se
1642 1990 1690 2035 nnn

540 2088 648 2167 potest
671 2080 748 2166 quin
769 2082 868 2146 multa
890 2081 1034 2160 minetur,
1057 2081 1133 2165 quin
1154 2083 1371 2147 tumultuetur.
1416 2082 1541 2149 Notum
1568 2080 1691 2148 enimin

541 2192 653 2276 vulgus
675 2199 730 2275 est
752 2197 884 2257 oratores
907 2194 1084 2280 saepissime
1107 2216 1126 2258 a
1147 2194 1301 2259 iudicibus
1323 2192 1447 2279 petisse,
1472 2196 1648 2260 tumultum
1663 2213 1692 2257 ne

541 2305 675 2369 facerent
702 2306 760 2391 (μὴ
796 2306 992 2392 θορυβῆσαι).
1036 2308 1143 2390 ltaque
1171 2304 1324 2371 Philocleo
1352 2326 1371 2368 a
1396 2305 1462 2372 filio
1500 2307 1692 2373 thesmotheta

542 2415 700 2480 silentium
724 2435 812 2499 agero
834 2415 972 2499 iubetur,
1003 2418 1084 2502 quod
1105 2419 1139 2482 in
1162 2418 1333 2483 actionibus
1354 2418 1492 2503 publicis
1515 2419 1691 2505 privatisque

543 2548 761 2612 saepenumero
783 2528 898 2592 factum
920 2549 985 2594 esse
1008 2536 1248 2596 consentaneum
1264 2536 1319 2609 est,
1341 2551 1371 2594 ιι.
1394 2532 1474 2595 905:

794 2642 871 2724 σίγα,
893 2643 1012 2716 κάθιζε·
1036 2643 1072 2707 σὺ
1096 2642 1125 2706 δ’
1150 2643 1261 2731 ἀναβὰς
1282 2641 1451 2728 κατηγόρει.

544 2749 626 2812 Βιιιιι
659 2758 815 2817 accusator
847 2773 866 2815 a
899 2752 1104 2819 thesmotheta
1138 2754 1241 2819 iussus
1269 2753 1407 2820 tribunal
1436 2756 1597 2840 ascendit,
1629 2758 1693 2821 i.a

545 2882 645 2925 eoram
679 2862 779 2929 iudice
812 2866 951 2931 consistit
984 2871 1196 2947 accusaturus,
1231 2865 1281 2929 bie
1312 2866 1428 2930 lentem
1461 2867 1525 2932 sibi
1558 2868 1693 2934 infundit.

545 2973 653 3039 Simile
675 2978 750 3061 qnid
772 2979 888 3043 iudices
909 2982 1130 3064 κυαμοτρῶγας
1151 2977 1272 3059 fecisse,
1295 2999 1389 3063 supra
1410 2978 1560 3045 vidimus.
1606 2983 1694 3046 Accu·

545 3094 640 3171 sator,
669 3091 754 3155 canis
782 3090 1052 3173 Cydathenieusis,
1082 3088 1279 3179 cuiusviees
1306 3089 1459 3155 Xanthias
1486 3092 1571 3176 agit,
1596 3092 1694 3177 incipit

545 3225 574 3267 v.
598 3204 675 3284 907,
703 3224 774 3267 mox
802 3225 820 3267 a
847 3203 948 3267 iudice
969 3202 1176 3286 interruptae,
1205 3207 1236 3265 et
1258 3201 1445 3265 acclamante
1467 3209 1500 3267 et
1521 3204 1558 3269 in
1580 3226 1614 3269 se
1634 3225 1694 3290 poe

545 3321 648 3379 catum
670 3335 735 3378 esse
757 3314 908 3379 clarnante
929 3336 959 3378 v.
983 3315 1054 3377 918.
1097 3313 1157 3376 Hie
1178 3312 1423 3397 interpunxerim
1444 3313 1504 3378 sie:

632 3425 712 3488 Phil.
737 3426 824 3490 οὐδὲν
848 3429 1028 3513 μετέδωκεν;
1053 3426 1125 3490 οὐδὲ
1147 3433 1192 3511 τῴ
1212 3432 1306 3510 κοινῷ
1327 3425 1357 3509 γ’
1383 3426 1454 3512 ἐμοί
1461 3448 1468 3506 ;

632 3536 746 3601 Xanth.
770 3541 884 3624 θερμὸς
905 3540 961 3625 γὰρ
985 3539 1060 3624 ἀνὴρ
1084 3575 1125 3583 -
1148 3535 1204 3600 Ph.
1229 3537 1317 3601 οὐδὲν
1338 3538 1427 3620 ἦττον
1448 3542 1505 3622 τῆς
1529 3546 1643 3625 φακῆς.

547 3647 621 3710 Orat
642 3647 818 3732 Bdelycleo,
842 3654 878 3714 ut
899 3649 996 3714 altera
1017 3672 1087 3735 pars
1110 3648 1268 3728 audiatur3
1297 3648 1391 3713 iudex
1417 3648 1498 3712 nihil
1528 3651 1594 3716 nisi
1622 3657 1700 3738 τιμᾶν

548 3759 657 3847 βλέπει.
703 3759 846 3825 Oratione
868 3762 957 3826 finita
979 3762 1015 3826 de
1037 3761 1181 3844 suffragio
1203 3760 1308 3825 nullus
1330 3761 1460 3825 dubitat.
1504 3762 1634 3829 Gallum
1654 3763 1700 3829 de

547 3892 638 3956 super
659 3878 793 3937 stantem
813 3879 908 3956 rogat,
931 3874 1016 3938 videt
1037 3879 1235 3939 annuentem.
1280 3875 1323 3938 At
1344 3872 1429 3937 videt
1443 3872 1540 3938 simul
1555 3876 1701 3941 matulam

547 4005 639 4069 prope
660 3984 773 4067 gallum
790 3984 990 4069 pendentem3
1013 3986 1125 4050 elamat
1145 3986 1391 4063 thesmothetam,
1407 3984 1469 4069 ,qui
1485 4006 1557 4051 eam
1571 3988 1704 4073 porrigat

547 4117 576 4159 v.
600 4096 672 4161 935.
717 4096 763 4159 Ex
791 4118 850 4181 quo
879 4097 1067 4182 collegerim,
1090 4098 1222 4176 iudicer,
1246 4098 1320 4161 dum
1342 4097 1412 4181 quis
1434 4096 1624 4182 loqueretur,
1647 4103 1705 4168 foro

547 4207 630 4272 exire
657 4208 824 4293 prohibitos
855 4231 935 4293 esse,
963 4217 1031 4275 tum
1057 4230 1128 4276 vero
1150 4209 1354 4275 thesmotheta
1382 4210 1570 4294 inspiciente
1601 4234 1653 4279 eos
1678 4218 1706 4277 et

547 4320 657 4385 exiisse
691 4325 721 4384 et
753 4321 836 4385 intra
864 4328 982 4386 certum
1009 4323 1156 4407 temporis
1184 4322 1318 4408 spatium
1346 4320 1483 4385 rediisse.
1535 4323 1598 4388 Per
1625 4324 1705 4390 istud

547 4453 618 4497 vero
640 4438 762 4518 tempus
785 4441 816 4497 et
837 4433 964 4498 cancelli
986 4438 1017 4496 et
1030 4432 1106 4517 Lyci
1120 4434 1266 4499 sacellum
1281 4432 1418 4516 undique
1432 4433 1655 4516 irrigabantur.
1665 4474 1706 4484 —

549 4542 691 4609 Citantur
712 4551 805 4611 testes
828 4567 846 4608 a
867 4543 1080 4622 thesmotheta,
1104 4545 1164 4623 hic,
1188 4552 1223 4611 ut
1245 4550 1379 4630 apparet,
1402 4550 1471 4629 post
1490 4546 1619 4613 finitam
1641 4569 1704 4613 ora-
