4484 5467
549 615 570 679 2
943 612 1132 668 rnonnsou.
1167 613 1308 669 οινντι
1355 571 1359 579 ’

549 768 668 851 Codicis
691 791 797 849 contra
819 784 949 848 Parisini
973 785 1011 862 C,
1034 806 1126 869 quem
1149 784 1321 849 Brunclrius
1343 787 1493 867 excussit,
1514 788 1621 853 lectio:
1652 790 1708 854 m-

549 900 649 985 δάχθη
673 900 721 962 ἐπὶ
743 897 889 983 ἄρχοντας
910 896 1073 983 ’Λμυνίαυ,
1103 899 1151 961 διὰ
1175 898 1348 963 Φιλωνίδου
1371 902 1401 965 ἐν
1424 908 1466 984 τῇ
1486 900 1571 966 πόλει
1592 898 1706 987 Ὀλυμ-

548 1011 625 1075 πίων
648 1009 686 1094 ἧν
712 1006 747 1097 β’,
769 1010 810 1078 είς
833 1010 959 1093 Λήναια.
999 1012 1049 1073 καὶ
1070 1011 1152 1074 ἐνίκα
1175 1014 1295 1095 πρῶτος
1318 1011 1490 1098 Φιλωνίδης
1504 1059 1596 1076 .....
1612 1016 1705 1099 προά-

555 1149 610 1207 ρων
632 1122 655 1186 Γ
657 1127 772 1190 λευκεῖς
794 1124 932 1208 πρεσβεῖς
946 1126 1039 1206 τρεῖςι
1062 1141 1098 1184 ea
1113 1121 1197 1185 viam
1219 1122 1403 1187 emendandi
1419 1146 1455 1186 ex
1474 1131 1561 1208 parte
1583 1124 1706 1188 videtur

547 1234 684 1298 munisse
706 1231 874 1310 Boeckhio,
903 1232 957 1315 qui
986 1231 1062 1294 01.
1085 1232 1099 1295 Ι
1120 1255 1151 1317 p.
1179 1233 1239 1297 351
1265 1242 1295 1297 et
1309 1234 1345 1298 'd
1368 1236 1507 1300 Lenaeen
1529 1259 1560 1321 p.
1590 1238 1633 1300 7⁶2
1663 1237 1704 1301 sic

547 1345 742 1411 scribendum
764 1349 881 1407 censet:
912 1346 1057 1431 ἐδιδάχθη
1088 1346 1136 1409 ἐπὶ
1166 1344 1312 1432 ἄρχοντος
1337 1346 1491 1434 Ἀμεινίου
1521 1347 1565 1432 [ἐν
1589 1358 1633 1433 τῇ
1655 1349 1700 1413 πίί

545 1457 728 1543 Ὀλυμπιάδι
751 1454 810 1520 ἔτει
835 1453 883 1543 [A]
922 1456 969 1520 διὰ
993 1456 1167 1522 Φιλωνίδου
1190 1458 1231 1528 εἰς
1254 1458 1386 1544 Λήναια·
1407 1462 1458 1524 καὶ
1479 1460 1561 1524 ἐνίκα
1585 1466 1704 1547 πρῶτος

549 1571 720 1654 Φιλωνίδης
721 1613 834 1646 ......
858 1566 1004 1653 δεύτερος,
1027 1566 1172 1632 Γλαύκων
1195 1567 1342 1658 Πρέσβεσι
1364 1572 1475 1657 τρίτοςε
1497 1578 1529 1635 et
1546 1570 1704 1637 Clintono:

547 1683 692 1768 ἐδιδάχθη
721 1681 769 1745 ἐπὶ
798 1679 944 1765 ἄρχοντος
969 1677 1117 1763 ’Λμυνίου
1146 1679 1218 1763 (sic)
1244 1682 1296 1746 Ιδιολ
1320 1682 1492 1749 Φιλωνίδου
1515 1720 1557 1729 —-
1580 1685 1621 1755 είς
1646 1686 1704 1771 Λή·

546 1819 623 1859 ναια.
667 1796 717 1857 καὶ
745 1793 828 1856 ἐνίκα
855 1794 975 1876 πρῶτος
999 1789 1179 1875 Φιλωνίδης.
1225 1790 1390 1879 [δεύτερος]
1410 1841 1502 1859 .....
1524 1795 1704 1882 Προάγωνι·

548 1905 669 1970 Λεύκων
698 1904 845 1991 Πρέσβεσι
875 1902 981 1987 τρίτος.
1032 1902 1066 1965 G.
1095 1901 1228 1988 denique
1255 1903 1452 1970 Hermannus
1480 1907 1514 1971 in
1541 1928 1601 1972 rec.
1631 1908 1704 1973 libri

545 2016 760 2098 Kanngiesser.
803 2012 904 2098 Leipz.
927 2012 961 2076 L.
984 2011 1017 2076 Ζ.
1042 2014 1124 2077 1817
1147 2012 1184 2077 Ν.
1207 2014 1249 2078 59
1270 2038 1300 2101 ρ.
1322 2017 1385 2080 469
1412 2017 1575 2083 verborum
1597 2020 1704 2084 ordine

545 2127 693 2192 mutando
720 2132 880 2191 contentus
909 2124 983 2203 fuit,
1003 2126 1083 2213 Ιἐδιδ.
1112 2128 1137 2191 ἑ.
1168 2126 1367 2214 δ’Λμυνίου
1396 2130 1420 2193 ἐ.
1452 2155 1477 2194 τ.
1499 2128 1548 2195 πλί
1572 2129 1619 2197 ’0.
1646 2131 1704 2198 ἔτει

512 2234 514 2239 ’
547 2238 569 2328 β
595 2241 643 2304 διὰ
666 2240 839 2304 Φιλωνίδου
862 2239 903 2308 εἰς
925 2238 1052 2323 Λήναια.
1096 2237 1180 2301 Duas
1209 2259 1278 2322 ergo
1307 2260 1418 2326 easque
1446 2241 1505 2306 sibi
1534 2244 1705 2309 contrarias

545 2351 712 2416 sententias
733 2350 870 2415 virorum
898 2349 1056 2414 doctorum
1083 2349 1308 2435 deprehendere
1336 2350 1423 2431 licet,
1451 2352 1595 2433 alteram,
1626 2376 1705 2439 quae

544 2463 738 2527 Philonidem
759 2461 836 2525 duas
857 2460 1073 2547 Aristophanis
1095 2461 1216 2527 fabulas
1238 2462 1344 2527 eodem
1365 2463 1415 2528 die
1429 2464 1505 2529 sesto
1520 2466 1620 2548 egisse
1634 2489 1706 2552 pro-

545 2576 676 2653 fiteatur,
699 2573 836 2651 alteram,
859 2594 937 2657 quae
951 2573 1144 2639 Philonidem
1159 2575 1331 2660 Vesperum
1352 2574 1457 2639 fabula
1477 2576 1588 2642 vicisse
1611 2584 1705 2664 atque

545 2685 641 2749 alium
656 2686 810 2769 quendam
825 2707 923 2765 suam,
946 2705 1007 2750 non
1022 2684 1238 2770 Aristophanis
1253 2684 1399 2765 fabulam,
1415 2687 1465 2751 cui
1480 2708 1593 2753 nomen
1609 2691 1705 2755 suerit

544 2798 704 2884 Προαγῶνι
738 2797 788 2862 vel
815 2798 990 2885 Προάγωνι,
1025 2797 1212 2862 commisisse
1241 2798 1414 2864 contendat
1463 2800 1602 2877 Quarum
1632 2808 1705 2868 utra

543 2910 641 2992 magis
662 2909 773 2973 habeat
794 2910 859 2975 veri
881 2909 1023 2995 speciem,
1045 2910 1216 2995 praemissa
1232 2910 1269 2974 de
1291 2910 1389 2976 forma
1410 2918 1442 2975 et
1462 2912 1522 2977 fide
1537 2912 1705 2978 didascali·

543 3042 648 3086 corum
674 3022 930 3104 fragmentorum,
958 3022 1070 3106 quibus
1098 3022 1193 3085 etiam
1221 3042 1304 3086 nunc
1331 3023 1463 3103 utimur,
1492 3024 1705 3109 disputatione

542 3134 637 3213 brevi,
659 3155 817 3220 exponam.

627 3247 665 3310 ΙΙ.
702 3247 783 3324 Quid
803 3247 845 3311 sit
862 3248 1009 3311 διδάσκειν
1033 3248 1143 3331 δρᾶμα,
1167 3248 1357 3325 διδάσκαλος,
1380 3248 1567 3327 διδασκαλία,
1589 3269 1704 3334 quam-

542 3379 635 3441 quam
656 3363 725 3442 post
746 3357 961 3423 Casaubonum
983 3356 1023 3420 ad
1043 3356 1157 3422 Athen.
1179 3358 1231 3438 vl,
1254 3361 1273 3422 7
1298 3366 1328 3424 et
1349 3358 1537 3423 Boochhium
1558 3359 1597 3426 ad
1622 3362 1656 3426 C.
1679 3364 1704 3427 Ι.

541 3470 565 3547 Ι,
588 3469 648 3533 351
672 3468 764 3533 multi
785 3475 1000 3554 exposuerunt,
1032 3489 1094 3533 non
1117 3469 1258 3535 dubitavi
1280 3475 1384 3536 tamen
1407 3491 1475 3536 meo
1496 3471 1604 3551 Marte,
1628 3475 1704 3539 Ari-

541 3580 688 3666 stophane
709 3581 852 3646 videlicet
873 3582 958 3660 duce,
982 3602 1046 3644 rem
1068 3580 1102 3645 in
1124 3580 1236 3664 vulgus
1258 3588 1364 3647 notam
1385 3604 1484 3669 neque
1505 3590 1611 3649 tamen
1635 3607 1704 3651 om-

540 3693 639 3757 nibus
654 3695 745 3758 rebus
767 3693 938 3758 absolutam
961 3698 992 3756 et
1013 3692 1163 3777 liquidam
1182 3693 1315 3777 aggredi.
1338 3732 1379 3741 —
1402 3694 1524 3780 Optime
1539 3696 1703 3764 Ranarum

540 3825 646 3868 versus
671 3806 753 3868 1054
775 3844 816 3852 -
838 3812 902 3877 τοῖς
927 3808 979 3892 μὲν
1003 3807 1060 3891 γὰρ
1082 3808 1283 3892 παιδαρίοισιν

584 3914 646 3980 ἔστι
669 3919 849 3989 διδάσκαλος
872 3918 952 3989 ὅστις
975 3920 1090 4005 φράζει,
1111 3925 1176 3991 τοῖς
1197 3921 1314 4008 ἡβῶσιν
1338 3921 1372 3985 δὲ
1393 3920 1517 4005 ποιηταί
1523 3944 1530 3983 :

538 4033 642 4111 poetas
664 4029 784 4112 populi,
811 4036 872 4096 τῶν
895 4035 1035 4109 πολλῶν,
1062 4032 1226 4114 magistros
1249 4031 1342 4096 luisse
1364 4031 1448 4096 dicit.
1492 4030 1528 4094 In
1550 4032 1609 4097 Αν.
1634 4036 1700 4099 912

536 4147 626 4224 poeta
648 4178 690 4186 -
711 4144 818 4213 ποίντες
840 4143 931 4227 ἐσμὲν
956 4144 983 4206 οἱ
1006 4145 1181 4208 διδάσκαλοι

579 4252 735 4318 Μουσαίων
758 4254 941 4339 θεράποντες
963 4254 1086 4339 ὀτρηροί
1093 4277 1100 4316 :

536 4383 610 4426 nam
637 4366 719 4441 κατδιΙ
733 4366 784 4429 τὸν
803 4360 958 4449 Ὅμηρον,
981 4385 1073 4446 quem
1095 4364 1140 4429 ibi
1163 4365 1249 4430 addit
1269 4373 1437 4452 poetaster‚
1464 4369 1519 4456 vel
1535 4370 1625 4435 Musa
1648 4373 1699 4437 vel

536 4474 645 4558 Apollo
660 4477 770 4542 docent
784 4475 922 4541 earmina
938 4482 1051 4560 poetas,
1075 4475 1130 4542 Od.
1142 4477 1222 4556 VIII,
1235 4479 1314 4544 488:
1335 4481 1355 4565 ἢ
1373 4480 1406 4546 σέ
1421 4505 1456 4566 γε
1466 4480 1565 4547 Μοδσ’
1578 4484 1700 4559 ἐδίδαξε

535 4587 606 4656 Διὸς
628 4591 739 4675 παῖςῆ
765 4591 798 4655 σε’
821 4588 846 4675 g'
869 4588 1038 4670 Ἁπόλλων,
1062 4597 1093 4653 et
1114 4593 1188 4656 κατὰ
1209 4593 1259 4656 τδν
1283 4590 1464 4679 Εὐριπίδην,
1492 4594 1527 4657 lr.
1550 4584 1699 4662 Sthenelo.
