4484 5467
755 621 799 675 nn
818 621 976 677 TEMPORE
993 622 1154 678 FABVLAII
1171 624 1357 680 VESPARVII
1375 628 1488 682 Aaron
1683 634 1701 695 7

541 799 616 862 διῶν
640 792 678 873 α’,
700 796 896 860 Διδασκαλίαι
918 790 956 873 cl,
978 794 1062 859 varie
1084 795 1207 861 videtur
1228 805 1389 883 corruptus
1403 821 1478 865 esse.
1501 801 1562 866 Cur
1583 801 1621 865 de
1642 803 1702 887 Py-

540 907 635 972 thicis
656 906 738 971 ludis
759 906 850 991 plura
871 927 964 990 quam
981 906 1018 971 de
1034 890 1223 993 Olympicis?
1258 910 1302 974 At
1315 930 1413 993 quum
1429 932 1517 977 nemo
1532 915 1702 998 respondet,

540 1020 636 1084 inane
657 1024 704 1085 est
730 1037 884 1101 quaerere.
928 1018 1020 1097 Mihi,
1049 1019 1076 1083 si
1104 1020 1139 1083 in
1160 1019 1217 1085 tali
1239 1022 1374 1105 catalogo
1404 1024 1599 1090 coniecturae
1619 1025 1702 1091 loeus

541 1132 642 1211 datur,
664 1130 853 1225 probabilius
873 1129 1005 1210 videtur,
1027 1131 1156 1196 titulum
1178 1135 1245 1220 περὶ
1265 1137 1441 1221 τραγῳδιῶν
1464 1134 1490 1201 α’
1515 1137 1554 1201 ad
1575 1137 1702 1203 Initium

540 1234 653 1330 capitis
669 1241 802 1326 relegare
816 1242 986 1330 titulosque
1002 1244 1069 1309 Νῖκ.
1092 1245 1213 1311 Διινσσ.
1230 1247 1437 1312 studuerat.
1460 1249 1505 1312 ita
1519 1250 1703 1332 coniungere

540 1361 579 1420 ut
605 1356 625 1440 ἢ
650 1354 879 1440 interponatur,
903 1357 993 1422 Νῖκαι
1015 1358 1211 1422 Διονυσιακαὶ
1231 1358 1250 1442 ἣ
1273 1357 1480 1426 Διδασκαλίαι.
1523 1360 1575 1425 An
1602 1362 1702 1425 mavis

539 1466 672 1532 scribere
694 1466 760 1532 Νικ.
782 1468 863 1533 Δισν.
885 1469 905 1553 ἢ
929 1471 995 1556 περὶ
1015 1465 1098 1556 τραγ.
1120 1470 1141 1553 ἢ
1161 1469 1358 1534 Διδασκαλίαι
1380 1468 1436 1535 αῬ
1468 1472 1519 1535 An
1538 1472 1600 1536 fuit
1619 1473 1702 1558 prior

539 1580 620 1646 liber
645 1580 746 1647 Νικῶν
768 1579 802 1643 Δ.
824 1578 979 1663 catalogus
999 1580 1153 1644 victorum
1175 1600 1192 1642 e
1213 1581 1384 1666 tripodibus
1406 1582 1572 1666 choragicis
1594 1583 1701 1649 colleo-

539 1700 653 1771 torum,
676 1675 760 1757 alter*
774 1712 845 1757 vero
866 1692 1022 1775 catalogus
1045 1712 1161 1771 eorum,
1183 1692 1237 1775 qui
1259 1692 1390 1775 singulis
1411 1696 1630 1761 certaminibus
1651 1696 1701 1760 in-

539 1804 733 1884 terfuissent,
756 1802 917 1869 omnium?
960 1804 1044 1882 Quae
1066 1804 1234 1869 diiudicare
1256 1825 1353 1888 quum
1374 1826 1436 1869 non
1457 1807 1610 1891 possimus
1632 1809 1698 1892 (cfr.

538 1917 633 1982 Mein.
656 1916 696 1980 H.
719 1915 751 1979 (λ
772 1938 802 2000 p.
826 1914 869 2000 5),
898 1915 1054 2000 reliquum
1075 1922 1131 1994 est,
1159 1922 1195 1979 ut
1217 1915 1254 1979 de
1281 1916 1417 1982 fontibus
1441 1919 1530 1982 etde
1551 1921 1700 2004 composi-

537 2029 624 2094 tione
646 2028 718 2093 libri
732 2028 940 2094 Διδασκαλιῶν
957 2048 1093 2110 agamus.
1136 2026 1196 2091 Hic
1217 2027 1302 2092 enim
1323 2028 1434 2094 titulus
1456 2051 1538 2095 unus
1560 2039 1700 2116 superest

539 2141 624 2227 apud
644 2139 806 2225 scriptores
821 2142 960 2219 Graecos,
982 2159 1079 2224 quum
1101 2138 1179 2203 alter
1200 2160 1300 2203 unum
1314 2140 1481 2223 Diogenem
1500 2142 1612 2207 habeat
1626 2166 1698 2209 aue·

538 2260 646 2318 torem.
682 2252 772 2318 Unde
794 2258 849 2316 aut
863 2252 997 2317 diversos
1019 2250 1112 2316 libros
1136 2251 1231 2315 fuisse
1247 2251 1330 2316 dicas
1345 2258 1400 2315 aut
1414 2253 1545 2318 alterum
1560 2254 1697 2334 titulum,

538 2372 577 2432 ut
598 2364 776 2450 saepissime
798 2364 917 2443 accidit,
940 2363 1071 2428 alterum
1093 2364 1183 2449 quasi
1204 2364 1418 2448 suppressisse.
1539 2448 1543 2455 Ι

626 2475 707 2541 VIII.
749 2474 1003 2559 Fragmentorum
1018 2474 1271 2540 didascalicorum
1292 2475 1350 2554 vel,
1373 2482 1410 2541 ut
1430 2477 1520 2542 hodie
1535 2478 1627 2561 vulgo
1642 2499 1698 2542 au·

539 2590 641 2668 diunt,
667 2587 904 2652 didascaliarum
926 2587 1001 2652 satis
1022 2608 1172 2670 magnum
1195 2608 1360 2652 numerum
1382 2594 1451 2673 post
1473 2589 1697 2671 casaubonum,

537 2700 727 2767 Boeckhium
749 2699 841 2764 multi
862 2699 1057 2783 collegerunt,
1081 2700 1307 2785 disposuerunt,
1330 2707 1497 2782 auxerunt3
1519 2702 1601 2766 inter
1622 2724 1698 2789 quos

538 2812 721 2879 nominandi
749 2818 823 2909 sunt
844 2811 1095 2877 Schneidewinus
1129 2832 1293 2896 rerumque
1314 2813 1505 2896 scenicarum
1526 2815 1697 2900 scriptores.

537 2924 629 2991 Unde
650 2923 746 3007 igitur
766 2924 842 2988 haec
863 2925 1043 3006 fragmenta,
1066 2943 1145 3007 quae
1159 2943 1243 2987 nunc
1264 2924 1298 2988 in
1320 2931 1571 3007 argumentorum
1590 2926 1629 2989 ad
1651 2926 1696 2989 f-

539 3037 627 3102 bulas
649 3035 829 3121 superstites
851 3036 922 3113 fine,
944 3034 978 3098 in
1000 3033 1124 3099 scholiis
1146 3035 1270 3119 passim,
1293 3037 1376 3122 apud
1397 3036 1558 3121 scriptores
1580 3037 1698 3122 aliquot

538 3156 571 3214 et
593 3147 806 3233 grammaticos
821 3147 949 3211 Graecos
970 3147 1125 3230 leguntur,
1147 3146 1298 3230 originem
1319 3147 1493 3212 duxerunt?
1527 3148 1697 3213 Maximam

537 3266 659 3348 partem
681 3259 788 3345 opinor
816 3253 853 3322 ex
874 3258 1049 3360 Aristptelis
1081 3278 1179 3344 opere.
1223 3259 1347 3324 Etenim
1373 3258 1589 3345 philosophum
1611 3282 1696 3324 sum-

538 3394 626 3438 mum
648 3373 710 3436 fere
732 3390 767 3435 eo
787 3375 937 3457 tempore,
961 3390 1021 3454 quo
1042 3370 1199 3455 Lycurgus
1222 3358 1338 3451 orator,
1362 3377 1398 3437 ut
1419 3393 1435 3435 e
1456 3371 1620 3436 Plutarcho
1641 3393 1696 3436 no-

537 3485 657 3562 vimus,
690 3482 887 3565 Tragicorum
915 3482 1012 3547 trium
1038 3482 1216 3567 principum
1248 3483 1360 3549 fabulis
1394 3504 1516 3569 operam
1544 3484 1697 3569 impendit

538 3594 707 3673 servandis,
729 3594 874 3659 historiae
895 3594 950 3659 hoc
978 3593 1152 3659 subsidium
1173 3595 1387 3660 firmissimum
1408 3595 1556 3660 struxisse
1577 3603 1609 3659 et
1626 3617 1696 3680 pro·

539 3706 640 3773 babile
661 3712 692 3772 et
719 3712 958 3772 consentaneum
980 3704 1035 3771 est
1078 3705 1200 3791 Ubique
1222 3708 1305 3771 enim
1327 3714 1479 3772 terrarum
1500 3730 1536 3771 ec
1558 3709 1696 3790 gentium

538 3820 601 3883 fere
624 3820 667 3897 lit,
690 3825 726 3883 ut
739 3840 865 3884 auream
886 3819 985 3904 poesis
1001 3824 1133 3884 aetatem
1148 3825 1293 3901 sequatur
1308 3818 1415 3884 sedula
1436 3818 1499 3898 illa,
1522 3842 1601 3904 quae
1619 3821 1697 3884 bene

539 3952 575 3995 ac
597 3930 724 4013 gloriose
745 3937 834 4016 parta
855 3936 979 3996 tueatur
1000 3936 1031 3995 et
1060 3937 1168 3995 servet
1212 3931 1314 3995 Possis
1341 3930 1399 3994 tibi
1422 3932 1536 4013 ringere
1565 3931 1695 3996 alterum

538 4063 631 4128 opera
645 4063 702 4107 sua
716 4042 847 4107 alterum
870 4042 993 4122 iuvisse,
1016 4042 1232 4128 philosophum
1246 4043 1342 4125 igitur
1357 4042 1476 4120 oratori,
1497 4063 1594 4126 quum
1608 4043 1696 4127 quasi

538 4176 647 4241 corpus
670 4154 823 4241 quoddam
844 4155 939 4218 trium
961 4160 1120 4240 poetarum
1143 4162 1330 4237 congereret,
1359 4155 1482 4219 notulas
1504 4155 1578 4218 istas
1600 4153 1696 4218 histo-

537 4268 617 4333 ricas
651 4288 688 4331 ex
716 4266 852 4332 fontibus
885 4267 1110 4351 suppeditasse,
1146 4255 1333 4352 quamquam
1367 4267 1439 4330 huic
1472 4266 1532 4351 ipsi
1566 4265 1696 4328 fuissent

537 4386 668 4465 praesto.
712 4379 814 4443 Possis
836 4378 929 4442 etiam
953 4379 1093 4460 cogitare,
1116 4385 1171 4443 aut
1192 4378 1407 4464 philosophum
1427 4375 1610 4442 didascalica
1631 4397 1696 4440 mo-

538 4497 690 4556 numenta
711 4497 742 4555 et
764 4490 948 4555 concessisse
970 4491 1081 4555 oratori
1104 4498 1135 4555 et
1156 4490 1249 4556 simul
1272 4490 1349 4555 libro
1371 4488 1520 4572 singulari
1544 4488 1696 4573 conserip-

539 4603 625 4684 aisse,
648 4610 703 4669 aut
717 4609 866 4672 oratorem
880 4601 1058 4692 philosopho
1072 4603 1244 4686 tradidisse,
1267 4622 1326 4690 quo
1341 4602 1407 4690 ipse
1421 4600 1503 4688 prior
1517 4620 1592 4667 usus
1606 4608 1695 4682 esset,
