4484 5467
1023 457 1218 515 zoflkssz

696 632 766 718 οὐχὶ
787 633 954 718 προδώσειν
983 635 1060 719 ὑμᾶς
1092 658 1198 720 φασιν,
1232 637 1298 721 περὶ
1327 640 1382 699 τοῦ
1413 636 1552 721 πλήθους
1582 635 1616 697 δὲ
1648 659 1755 719 μα’

1364 748 1497 832 χεῖσθαι.

594 904 597 908 .
696 854 751 917 κάν
772 861 817 939 τιγῑ
840 857 928 941 δήμιρ
950 859 1072 941 γνώμην
1096 858 1194 940 οὐδεὶς
1216 857 1334 921 πώποτ’
1360 859 1504 943 ἐνίκησεν,
1526 858 1580 923 ἐὰν
1604 861 1647 944 μὴ

698 964 767 1048 είπη
790 965 828 1029 τὰ
850 968 1015 1053 δικαστήρι’
1042 971 1162 1054 ἀφεῖναι
1185 972 1335 1055 πρώτιστα
1358 969 1428 1054 μίαν
1451 972 1640 1040 δικάσαντας.

602 1141 606 1148 ,
671 1074 789 1147 αὐτὸς
807 1079 857 1142 ’δὲ
889 1077 997 1144 Κλέων
1025 1081 1041 1143 ὁ
1073 1083 1292 1167 κεκραξιδάμας
1331 1080 1421 1166 μόνον
1449 1085 1530 1166 ἡμᾶς
1558 1082 1595 1145 οδ
1626 1106 1760 1167 πορν-

1367 1195 1485 1279 τρώγει,

688 1299 776 1365 ,ἀλλὰ
798 1303 937 1387 φυλάττει
960 1303 1008 1367 διὰ
1029 1305 1135 1389 χειρὸς.
1154 1303 1237 1389 ἔχων
1258 1307 1308 1369 καὶ
1328 1306 1380 1375 τὰς
1404 1306 1494 1390 μυίας
1516 1304 1680 1390 ἀπαμύνει.

653 1435 657 1442 ·
698 1412 734 1476 σὺ
757 1414 791 1491 δὲ
813 1415 864 1478 τδν
885 1413 989 1500 πατέρ’
1015 1414 1082 1478 οὐδ’
1108 1417 1207 1479 ὁτιοῦν
1229 1416 1343 1479 τούτων
1365 1418 1415 1481 τδν
1440 1420 1554 1488 σαυτοῦ
1579 1415 1703 1481 πώποτ’

1367 1526 1508 1613 ἔδρασας.

697 1637 775 1702 ἀλλὰ
796 1637 934 1722 Θέωρος,
960 1637 1127 1703 καίτούστὶν
1152 1641 1225 1725 ἀνὴρ
1249 1638 1410 1725 Εὐφημίου
1441 1640 1529 1703 οὐδὲν
1552 1641 1700 1717 ἑλίττων,

695 1751 746 1813 τδν
776 1750 906 1836 σπόγγον
936 1749 1018 1836 ἔχων
1048 1752 1081 1814 ἐκ
1102 1757 1158 1836 τῆς
1180 1754 1305 1836 λεκάνης
1332 1751 1476 1837 τάμβάδι’
1507 1756 1598 1837 ἡμῶν
1622 1776 1702 1840 περι-

1365 1887 1467 1928 κωνει.

573 2119 597 2158 ν.
610 2102 668 2158 593.
686 2104 755 2173 ἡμᾶς
767 2104 851 2173 vulgo.
877 2103 943 2173 ὐμᾶς
961 2103 1071 2159 Brunole
1087 2105 1163 2157 Kust.
1182 2106 1280 2158 Invern.
1299 2106 1399 2175 Bergk,
1418 2105 1485 2174 quod
1498 2102 1617 2174 praestat
1628 2122 1706 2175 prop-

608 2193 648 2242 ter
667 2207 689 2243 v.
707 2190 759 2244 500
776 2193 809 2254 et,
828 2190 896 2259 quod
913 2191 1035 2259 sequitur,
1051 2194 1096 2243 τοῦ
1114 2188 1238 2263 πληδους.
1417 2190 1419 2193 ’

572 2291 596 2329 v.
609 2273 667 2329 595.
708 2277 835 2345 Hirsohig.
861 2276 951 2330 Philol.
980 2276 1053 2330 1850.
1084 2293 1110 2345 p.
1134 2276 1184 2329 283
1211 2277 1388 2346 suspicabatur
1404 2283 1494 2348 πρῶτα
1518 2276 1580 2345 μίαν
1601 2276 1703 2329 ἐκδικά·

608 2381 708 2427 σαντας,
724 2366 869 2431 comparato
887 2363 973 2416 forsan
990 2363 1036 2431 Eq.
1054 2362 1096 2417 50.
1114 2362 1152 2416 of.
1170 2364 1291 2417 Haemos,
1308 2364 1320 2415 Ι
1338 2381 1363 2432 p.
1380 2363 1439 2416 430.

645 2478 679 2485 -
697 2449 843 2520 δικαστήρια
861 2453 939 2520 φῆναι
956 2444 984 2501 Γ.

573 2534 669 2590 ν.596.
704 2534 781 2603 μόνον
805 2535 911 2588 debetur
934 2535 1000 2587 Flor.
1025 2533 1083 2589 ohr.
1105 2551 1156 2588 reo.
1181 2535 1290 2588 Brunok.
1314 2536 1409 2604 μόνους
1431 2535 1461 2587 R.
1480 2534 1512 2589 V.
1535 2535 1566 2589 B.
1591 2535 1620 2589 0.
1641 2536 1703 2591 Ald.

610 2621 762 2676 Grat.1u11t.
781 2621 855 2674 Frob.
874 2621 953 2689 μόνος
970 2620 1046 2673 Kust.

643 2737 677 2744 —
694 2706 721 2759 δὲ
738 2702 829 2759 Κλέων
848 2707 878 2760 R.
896 2706 928 2759 V.
946 2705 969 2758 δ’
991 2705 1004 2759 ὁ
1023 2702 1072 2760 Κλ.
1092 2709 1177 2776 vulgo,

573 2792 668 2849 ν.599.
700 2792 841 2846 καίτούστὶν
869 2792 901 2846 V.
921 2807 972 2846 seo.
995 2791 1152 2847 Oob.1)ind.
1175 2793 1274 2846 Hirsoh.
1296 2793 1388 2861 Bergk.
1412 2793 1479 2845 Rois,
1502 2793 1579 2861 Synt.
1607 2811 1645 2847 or.
1673 2812 1702 2863 p,

609 2881 651 2935 27.
668 2880 757 2935 Elmsl.
775 2880 884 2934 Aeharn.
903 2877 961 2933 611.
989 2879 1034 2931 καί
1049 2896 1098 2931 που
1113 2879 1177 2931 ’στὶν
1198 2881 1227 2933 R.
1245 2880 1343 2931 Iovem.
1361 2880 1442 2931 καίτοι
1456 2877 1520 2930 ’στὶν
1539 2880 1627 2948 vulgo.

571 2983 596 3022 v.
609 2967 667 3022 600.
702 2967 810 3037 σπόγγον
828 2966 911 3032 volgo.
940 2965 1104 3018 Elmsl.Aeh.
1118 2966 1177 3019 463.
1207 2966 1316 3038 σφόγγον
1330 2965 1481 3029 Βιιιοολίυε,
1498 2965 1627 3033 probatus
1642 2966 1707 3018 Din-

609 3053 698 3107 dorfio.
716 3082 749 3091 —
768 3052 834 3126 ἔχων
853 3053 937 3121 vulgo.
956 3051 1021 3105 ἑλὼν
1038 3051 1165 3105 Reiskius.

592 3277 617 3313 v.
629 3259 688 3313 593.
717 3259 820 3312 Euathli
832 3260 899 3313 enim
917 3262 944 3312 et
961 3258 1094 3326 Gleonymi
1143 3273 1231 3311 versos
1248 3275 1272 3309 v.
1291 3258 1360 3310 Reis.
1384 3255 1412 3310 0.
1433 3273 1459 3325 p.
1479 3256 1537 3309 172.
1556 3256 1589 3310 de
1607 3257 1712 3329 ἀφεῖναι

542 3348 649 3413 peecata
675 3349 702 3397 et
721 3346 784 3397 vitia
812 3361 845 3398 ex
873 3360 961 3398 eorum
989 3360 1093 3397 numero
1143 3343 1231 3397 Elmsl.
1249 3344 1312 3396 Ach.
1333 3341 1389 3396 173.

541 3434 612 3495 eunt,
635 3446 700 3498 quae
721 3431 796 3484 modo
821 3433 885 3501 μέγα
901 3437 1004 3504 πρᾶγμα
1022 3431 1094 3484 dixit.
1195 3446 1219 3480 ν.
1237 3428 1296 3482 506.
1325 3426 1519 3500 κεκραξιδάμας.
1545 3428 1593 3496 Eq.
1613 3429 1648 3482 30
1668 3449 1710 3482 κε-

542 3516 615 3580 Quod
629 3517 861 3582 veroeonfirmant,
878 3518 1041 3581 mentiuntur,
1058 3518 1097 3569 iu·
1145 3517 1266 3586 κρίκτης.
1306 3514 1389 3567 Habet
1415 3515 1483 3566 enim
1509 3529 1601 3566 vooem
1631 3515 1709 3582 ἐμπε-

542 3601 627 3654 dioum
653 3606 723 3655 metu
745 3605 861 3671 permoti.
898 3603 937 3656 De
958 3602 1096 3670 Cleonymo
1146 3602 1291 3673 πρησμένης
1313 3600 1365 3662 δός,
1383 3616 1459 3668 supra
1482 3617 1506 3651 v.
1526 3600 1568 3653 30.
1587 3601 1709 3654 schoho

542 3687 575 3740 ef.
601 3687 726 3755 Droysen.
753 3690 797 3741 Ar.
824 3690 889 3757 Vog.
915 3689 1006 3741 Rhein.
1032 3690 1096 3741 Mus.
1147 3694 1179 3761 τῇ
1198 3687 1245 3759 βοῇ
1263 3686 1393 3755 δαμάζων.

543 3772 789 3843 1835.1Πρ.186.
1198 3791 1222 3827 ν.
1240 3773 1298 3826 507.
1327 3771 1460 3841 ἀπσμΰνει.
1491 3771 1581 3841 Gomp.
1594 3772 1709 3840 effigiem

592 3876 617 3913 ν.
634 3858 693 3913 595,
728 3861 811 3913 Etiam
829 3862 917 3929 populi
934 3860 1098 3914 concionibus
1146 3860 1237 3928 Populi
1255 3862 1385 3911 senectute
1403 3859 1526 3927 decrepiti
1543 3859 1570 3911 in
1591 3860 1691 3927 Equitt.

541 3946 653 4013 potiores
675 3950 736 3998 sunt
751 3946 861 4011 iudices,
879 3948 978 4016 potiora
994 3946 1096 3998 iudicia.
1197 3964 1220 3999 ν.
1239 3944 1297 3998 503.
1337 3944 1390 3997 οὐδ’
1416 3943 1508 3997 ὁτιοῦν.
1548 3943 1588 3997 cf.
1612 3945 1707 4015 Bergk.

541 4031 640 4084 Iudices
662 4032 728 4084 enim
750 4034 825 4085 etiam
849 4034 1011 4086 ecclesiastae
1028 4035 1095 4085 sunt.
1145 4032 1200 4085 Rel.
1219 4030 1288 4085 Com.
1305 4047 1331 4098 p.
1350 4031 1408 4084 279.

541 4117 638 4185 Itaque,
662 4119 705 4185 qui
727 4134 777 4171 non
794 4120 863 4171 favet
879 4118 1014 4182 iudicibuS,
1033 4134 1095 4169 nun-
1194 4134 1218 4171 ν.
1236 4118 1294 4169 590.
1324 4117 1487 4185 Euphemius,
1500 4117 1577 4169 homo
1591 4121 1706 4171 ceterum

541 4218 618 4269 qoam
635 4205 809 4257 oratorvincit
825 4206 951 4257 sententia
966 4220 1021 4257 sua.
1047 4204 1095 4255 Fa·
1142 4205 1253 4271 ignotus,
1271 4219 1329 4254 cum
1347 4202 1446 4254 Theoro
1465 4204 1499 4265 (ν.
1516 4203 1561 4266 42)
1580 4220 1631 4256 una
1649 4220 1707 4271 por·

541 4290 583 4339 vet
602 4292 685 4341 autem
703 4290 740 4354 is,
759 4291 802 4358 qui
821 4290 940 4357 auffragio
960 4290 1012 4342 lato
1036 4306 1096 4343 oau·
1144 4290 1277 4356 stringitur
1294 4292 1323 4340 ut
1340 4288 1464 4341 adulator.
1500 4277 1508 4298 ⁸

541 4384 596 4422 sam
620 4372 717 4427 finitam
744 4390 801 4428 esse
823 4378 871 4440 ait,
892 4392 973 4443 neque
995 4377 1096 4443 longius
1195 4391 1219 4425 ν.
1237 4374 1296 4427 600.
1334 4380 1478 4446 περικωνεῖι
1504 4374 1586 4428 schol.
1608 4377 1704 4448 κυρίως

535 4454 632 4510 edices
649 4458 844 4513 inforoadesse
859 4463 935 4529 cogit.
963 4462 999 4513 De
1012 4462 1095 4513 forma
1143 4458 1172 4511 τὸ
1192 4466 1314 4511 πισσιῖισσι
1331 4461 1363 4511 τὰ
1382 4463 1498 4531 κεράμια.
1534 4461 1573 4514 cf.
1594 4462 1703 4528 Etymol.
