4484 5467
426 655 430 678 .
538 628 578 692 38
674 673 707 705 ,Ι
868 609 889 652 ’-
927 625 1116 681 recursor.
1152 621 1265 677 carvr
1281 622 1305 676 n

536 801 678 887 χορευταὶ
700 798 772 863 δέκα
793 799 945 884 τέσσαρες,
965 802 1026 863 τῶν
1049 800 1084 863 δὲ
1105 802 1252 883 κωμικῶν
1273 795 1367 861 εἴκοσι
1388 789 1548 882 τέσσαρες·
1569 798 1694 868 ἕκαστος

539 909 592 976 οὖν
617 913 634 974 b
656 911 784 996 ποιητὴς
803 911 942 996 τραγικὸς
962 913 1013 974 καὶ
1033 910 1169 996 saprade
1190 909 1256 994 εἶχε
1282 908 1409 979 τούτους
1430 910 1693 995 προεκρυινδυίνον·

537 1048 590 1094 τας
617 1025 652 1088 τὰ
680 1024 791 1087 ἑαυτοῦ
820 1023 870 1086 καὶ
894 1023 1100 1109 τρεφομένους
1128 1022 1188 1087 ἀπὸ
1214 1025 1269 1085 τοῦ
1299 1022 1460 1106 δημοσίου.
1506 1020 1596 1097 Quod
1618 1020 1694 1086 nihil

539 1135 696 1217 significat
717 1132 779 1199 nisi
801 1133 953 1198 choreutis
974 1154 1036 1199 non
1059 1134 1097 1198 ab
1119 1134 1186 1219 ipso
1206 1138 1305 1218 poeta,
1328 1128 1381 1195 sed
1402 1132 1442 1196 ab
1469 1130 1532 1197 alio
1554 1132 1695 1216 quodam,

539 1241 591 1312 cui
613 1247 735 1332 publice
756 1245 815 1310 hoc
837 1265 952 1309 munus
972 1245 1110 1310 delatum
1132 1253 1188 1327 eat,
1211 1245 1328 1309 victum
1348 1244 1497 1329 praeberi.
1531 1244 1620 1309 Talis
1641 1245 1695 1328 igi·

537 1366 590 1424 tur
616 1380 712 1444 quum
740 1358 783 1422 sit
809 1364 946 1421 actorum
974 1358 1062 1439 ratio,
1090 1364 1127 1421 ut
1159 1357 1371 1439 tritugonistae
1402 1362 1564 1441 poetamm
1598 1364 1696 1423 acute

483 1533 489 1542 ,
538 1470 700 1555 obsequuti
721 1470 786 1533 siut
805 1469 1030 1553 protagonistac
1052 1476 1083 1533 et
1104 1469 1179 1534 artis
1200 1468 1337 1553 peritiori
1365 1475 1396 1531 et
1422 1467 1538 1534 maiore
1560 1471 1696 1535 auctori·

423 1568 425 1573 ¹
537 1589 601 1647 tate
628 1602 699 1664 uso,
727 1588 833 1666 postea
864 1601 935 1645 vero
962 1581 1013 1645 vel
1041 1581 1212 1646 obedierint
1238 1580 1362 1645 domiuo
1389 1580 1487 1645 vitam
1513 1582 1695 1666 victumque

538 1695 706 1782 praebenti,
728 1698 917 1758 nontamen
937 1694 1014 1757 mali
1035 1694 1084 1758 vel
1105 1692 1321 1779 protagouistis
1341 1694 1458 1778 peiores
1473 1694 1611 1759 habendi
1625 1690 1696 1759 sunt

539 1813 664 1873 actores.
701 1805 788 1883 Quod
801 1806 905 1891 ipsum
918 1806 1081 1871 Aeschinis
1096 1806 1223 1871 oratoris
1237 1826 1361 1887 nomen,
1372 1805 1444 1870 licet
1458 1826 1477 1868 a
1490 1806 1695 1873 Demosthene

539 1920 645 2003 utique
666 1918 894 2003 reprehensum,
916 1924 1057 1983 testatur.
1094 1918 1165 1995 Qui·
1177 1916 1303 2001 quidem
1325 1923 1423 1981 totam
1444 1923 1583 1983 actorum
1599 1926 1695 1984 artem

538 2032 657 2116 spernit
676 2037 843 2115 propterea,
866 2031 947 2113 quod
968 2032 1108 2109 fuerunt,
1130 2030 1184 2113 qui
1205 2032 1338 2115 patriam
1359 2031 1521 2115 proderent
1541 2030 1694 2117 Philippo,

539 2146 605 2230 περὶ
632 2146 724 2229 είρήν.
752 2164 783 2228 p.
811 2143 869 2224 58,
898 2145 965 2229 περὶ
990 2168 1015 2207 τ.
1046 2167 1126 2229 orep.
1155 2164 1184 2227 p.
1213 2143 1298 2225 232,
1322 2145 1388 2230 ’περὶ
1414 2167 1545 2229 παραπρ.
1568 2165 1600 2228 p.
1625 2145 1694 2208 344.

539 2257 611 2341 371.
634 2256 711 2335 4423
734 2255 852 2339 spernit
873 2276 908 2318 ac
931 2255 1098 2318 detestatur
1120 2255 1305 2319 Aeschinem
1333 2261 1364 2318 et
1385 2255 1487 2340 ipsum
1509 2260 1695 2319 actoremet

538 2367 723 2453 proditorem
740 2355 866 2452 patriae,
888 2387 985 2449 quum
1007 2386 1039 2430 se
1053 2366 1152 2432 vitam
1166 2368 1309 2432 omnihus
1323 2368 1414 2431 rebus
1428 2366 1587 2430 meliorem
1603 2374 1694 2452 atque

539 2478 743 2543 honestiorem
769 2479 919 2563 peregisse
947 2479 1110 2564 praedicet
1158 2479 1216 2543 llla
1241 2480 1338 2562 igitur
1358 2480 1474 2560 verba,
1496 2504 1528 2542 π.
1556 2503 1582 2543 τ.
1615 2504 1693 2566 crae.

539 2613 569 2676 p.
598 2591 677 2654 315:
701 2592 961 2677 ἐτριταγωνίστεις,
984 2593 1044 2675 ἐγὼ
1068 2592 1091 2655 δ’
1115 2593 1283 2679 ἐθεώρουν·
1305 2592 1471 2670 ἐξέπιπτες,
1494 2592 1556 2675 ἐγὼ
1580 2590 1605 2655 δ’
1630 2592 1692 2656 ἐσί-

542 2726 653 2789 ριττυνι
675 2722 737 2766 non
759 2702 969 2785 tritagonistae
991 2703 1177 2767 redemeris
1199 2704 1324 2768 omnino
1345 2709 1452 2784 artem,
1474 2724 1537 2767 non
1560 2713 1628 2768 tam
1649 2724 1694 2766 ar-

539 2821 604 2879 tem
625 2836 719 2899 quem
741 2814 905 2897 indignum
927 2816 992 2880 eius
1014 2815 1197 2898 magistrum
1211 2816 1396 2879 Aeschinem
1420 2816 1487 2899 (cfr.
1510 2841 1541 2879 π.
1564 2840 1590 2880 τ.
1616 2840 1694 2902 περ

540 2949 570 3013 p.
594 2928 666 2991 270.
691 2928 763 2991 297.
792 2931 858 3014 capt
880 2953 948 3017 cop.
970 2949 1001 3013 p.
1024 2928 1101 3012 403)
1124 2927 1278 3009 derident,
1306 2929 1360 3012 qui
1389 2933 1550 3013 poetarum
1571 2926 1695 3011 quidem

540 3039 675 3121 egregias
703 3039 872 3103 sententias
905 3039 970 3103 alta
1001 3040 1083 3104 vocis
1112 3040 1306 3104 contentione
1337 3040 1521 3125 pronunciet
1546 3046 1696 3124 tanquam

540 3171 627 3229 suos,
654 3158 867 3216 verumtamen
900 3152 997 3216 vitam
1031 3152 1120 3235 degat
1152 3152 1291 3217 altisonis
1316 3152 1425 3216 >verbis
1458 3151 1698 3216 dissimillimam

539 3263 734 3347 maximeque
768 3263 952 3328 contrariam
986 3266 1030 3348 (π.
1060 3289 1191 3353 παραπρ.
1219 3286 1250 3349 p.
1272 3263 1360 3347 418).
1411 3263 1526 3328 Contra
1562 3263 1699 3328 eiusdem

540 3376 633 3439 verba
656 3401 687 3439 π.
708 3399 840 3463 παραπρ.
856 3398 886 3461 p.
902 3378 980 3441 418:
1003 3377 1064 3442 ίστε
1085 3378 1141 3463 γὰρ
1165 3380 1265 3461 δήπου
1287 3374 1371 3439 τοῦθ’
1395 3375 1440 3439 ὅτι
1462 3377 1493 3440 ἐν
1518 3377 1614 3440 ἅπασι
1636 3382 1699 3445 τοῖς

542 3492 673 3574 δράμασι
695 3495 760 3560 τοῖς
780 3492 932 3576 τραγικοῖς
955 3489 1103 3577 ἐξαίρετόν
1134 3491 1211 3553 ἐστιν
1235 3490 1337 3574 ὥσπερ
1359 3487 1450 3574 γέρας
1471 3492 1538 3557 τοῖς
1557 3511 1698 3574 τριταγω·

540 3602 708 3671 νισταῖςτὸ
730 3601 801 3671 τοὺς
823 3604 986 3688 τυράννους
1008 3601 1150 3671 καὶτοὺς
1177 3602 1213 3665 τὰ
1242 3606 1380 3687 σκῆπτρα
1410 3599 1538 3686 ἔχοντας
1570 3601 1701 3665 εἰσιέναι

540 3717 633 3777 ταῦτα
661 3714 759 3778 τοίνυν
783 3714 813 3778 ἐν
837 3721 881 3800 τῷ
903 3715 1030 3800 δράματι
1052 3714 1150 3792 τούτῳ
1174 3713 1343 3798 σκέψασθε,
1374 3713 1391 3774 ὁ
1420 3710 1527 3797 Κρέων
1558 3710 1703 3799 Αἰσχίνης

542 3825 591 3888 υἷα
614 3825 711 3909 λέγων
735 3827 892 3912 πεποίηται
914 3834 959 3911 roi
981 3834 1093 3911 ποιητγῙ
1117 3826 1137 3888 ἃ
1158 3823 1228 3888 οὔτε
1249 3825 1324 3912 πρὸς
1346 3825 1435 3889 αὑτὸν
1453 3823 1542 3894 οὗτος
1558 3823 1635 3910 ὑπὲρ
1649 3830 1703 3909 τῆς

540 3939 698 4025 πρεσβείας
726 3938 883 4024 διελέχθη,
913 3936 984 4002 οὔτε
1011 3938 1085 4024 πρὸς
1111 3937 1184 4008 τοὺς
1213 3937 1353 4008 δικαστὰς
1387 3936 1479 4000 εἶπεν.
1528 3937 1599 4021 λέγε
1626 3938 1702 4022 (seq.

539 4069 568 4112 ν.
590 4049 666 4113 Ant
692 4050 753 4113 175
772 4050 863 4134 sqq.),
885 4050 1002 4134 liquide
1024 4050 1140 4130 dicunt,
1163 4049 1362 4131 Aeschinem,
1375 4056 1521 4113 actorem
1542 4069 1653 4132 regum
1674 4056 1704 4113 et

539 4166 747 4243 tyran-norum
762 4163 830 4246 (ir.
853 4162 890 4226 D.
913 4188 943 4226 π.
966 4187 1097 4250 παραπρ.
1126 4184 1157 4247 p.
1186 4161 1289 4245 449),
1308 4168 1374 4226 arte
1400 4181 1465 4226 uua·
1484 4160 1650 4244 indignum
1672 4182 1703 4226 ac

539 4274 697 4358 praebere;
720 4274 796 4338 item
818 4274 944 4357 liquide,
972 4280 1074 4359 partes
1103 4273 1369 4357 tritagonistarum
1397 4279 1477 4338 certe
1506 4275 1568 4338 nori
1587 4293 1702 4344 ¹omnes

539 4385 634 4449 fuisse
656 4387 756 4451 infimi
778 4385 910 4467 ordinis,
940 4387 993 4451 sed
1014 4387 1069 4450 ubi
1091 4406 1111 4449 a
1132 4393 1221 4471 poeta
1256 4387 1305 4451 vel
1334 4407 1355 4449 a
1381 4385 1591 4471 protogenista
1612 4385 1704 4451 fiebat

541 4496 730 4580 distributio,
760 4500 799 4563 ad
826 4486 947 4562 fabulae
974 4498 1126 4563 rationem
1153 4497 1375 4576 factam-esse,
1405 4515 1468 4561 non
1495 4498 1536 4561 ad
1564 4499 1703 4563 ordinem

542 4614 689 4673 actorum.
726 4610 802 4676 Nolo
823 4610 967 4695 equidem
988 4612 1019 4675 h.
1041 4611 1062 4675 l.
1086 4627 1255 4696 exponeret
1268 4618 1341 4675 utra
1360 4610 1625 4695 personamaiori
1644 4621 1703 4675 um
