4484 5467
551 664 612 725 114
931 658 1121 715 Paouuaoit
1157 659 1270 713 GAPVT
1287 660 1323 714 lv

549 832 695 917 Blepyro,
724 830 864 912 vascula,
895 831 927 895 in
956 851 1034 914 quae
1063 837 1159 895 sortes
1186 831 1406 910 coniiciantur,
1434 832 1488 897 ubi
1511 823 1705 918 reponantur,

548 943 716 1027 quaerenti,
738 942 910 1025 Praxagora
930 942 1106 1027 respondet:

1042 1092 1083 1101 -
1105 1055 1138 1125 ἐς
1158 1056 1213 1139 τῆν
1239 1057 1351 1142 ἀγορὰν
1373 1058 1554 1144 καταθήσω,

591 1164 666 1253 κᾷτα
690 1169 827 1251 στήσασα
849 1165 916 1253 παρ’
936 1166 1104 1252 Ἃρροδίιρ,
1127 1168 1277 1253 κληρώσω
1301 1170 1420 1244 πάντας,
1441 1168 1503 1240 ἕως
1520 1152 1562 1234 ’ἂν

591 1280 678 1348 εἰδὼς
703 1279 718 1341 ὁ
743 1280 845 1364 λαχὼν
870 1279 944 1363 ἀπίῃ
967 1278 1095 1364 χαίρων,
1118 1277 1150 1343 ἐν
1176 1278 1274 1365 ὁποίῳ
1296 1282 1449 1366 γράμματι
1472 1284 1597 1347 δειπνεῖ.

590 1392 640 1453 καὶ
661 1389 782 1475 κηρύξει
804 1388 875 1459 τοὺς
898 1390 931 1453 ἐκ
953 1393 1009 1452 τοῦ
1034 1388 1101 1477 βῆτ’
1126 1390 1173 1453 ἐπὶ
1194 1391 1248 1474 τῆν
1273 1392 1372 1455 στοιὰν
1397 1392 1581 1459 ἀκολουθεῖν

589 1503 643 1585 τῆν
668 1500 818 1589 βασίλειον
843 1503 1066 1585 δειπνήσοντας,
1089 1500 1122 1564 τὰ
1146 1501 1180 1564 δὲ
1202 1500 1275 1585 θῆτ’
1299 1503 1342 1572 εἰς
1362 1504 1416 1587 τὴν
1440 1505 1522 1590 παρὰ
1544 1505 1680 1591 ταύτην,

590 1611 662 1682 τοὺς
685 1611 715 1676 δ’
741 1613 774 1676 ἐν
795 1616 850 1676 τοῦ
873 1610 963 1676 κάππ’
989 1613 1020 1681 ἐς
1040 1613 1094 1696 τῆν
1120 1614 1220 1677 στοιὰν
1243 1618 1355 1700 χωρεῖν
1378 1616 1432 1698 τὴν
1449 1616 1667 1702 ἀλφιτόπωλιν.

547 1722 642 1787 Ludit
652 1723 803 1804 Comicus,
828 1728 864 1786 ut
879 1743 1012 1807 semper;
1034 1722 1149 1807 quippe
1172 1744 1268 1807 quum
1283 1724 1557 1809 anteaPraxagora
1573 1725 1706 1808 dixisset,

653 1838 689 1900 τὰ
712 1837 888 1922 δικαστήρια
909 1837 958 1899 καὶ
980 1836 1031 1905 τὰς
1054 1836 1155 1905 στοιὰς
1179 1838 1334 1921 ανδρῶνας
1356 1840 1450 1902 πάντα
1472 1841 1610 1924 ποιήσω,

547 1969 631 2011 nuno
659 1953 749 2032 poeta
776 1968 839 2010 non
861 1945 1037 2024 dieasteria,
1066 1944 1119 2009 sed
1141 1966 1202 2029 quo
1224 1947 1322 2010 sortiti
1346 1954 1418 2012 eant
1439 1955 1618 2029 coenatum,
1642 1972 1706 2035 por·

546 2059 626 2124 ticus
649 2059 799 2124 nominat.
843 2059 889 2121 Ac
912 2078 1009 2141 quum
1032 2056 1068 2120 de
1092 2057 1219 2142 reliquis
1241 2057 1320 2122 nihil
1349 2040 1475 2124 haberet
1496 2062 1529 2124 in
1552 2070 1705 2148 promptu,

545 2172 620 2236 lusit
649 2177 772 2235 tantum
799 2170 898 2234 uerbis
923 2173 999 2259 βῆτα
1022 2174 1052 2231 et
1075 2169 1242 2257 βασίλειος,
1271 2173 1374 2236 κάππα
1397 2178 1441 2255 et,
1464 2172 1546 2255 quod
1570 2176 1707 2260 proximo

545 2304 636 2347 versu
658 2283 811 2366 sequitur,
842 2284 987 2347 κοίπτωσι.
1031 2280 1154 2344 Poterat
1182 2281 1275 2344 etiam
1306 2282 1407 2347 verbis
1430 2284 1511 2371 ἄλφα
1533 2292 1566 2348 et
1589 2286 1705 2374 ailqui-

546 2399 643 2465 πωλις
665 2392 704 2457 ad
726 2392 892 2457 iocandum
914 2391 971 2470 uti,
995 2391 1022 2455 si
1044 2392 1078 2455 in
1101 2392 1158 2455 tali
1180 2414 1212 2455 re
1236 2394 1407 2479 praecipere
1428 2395 1497 2459 sani
1515 2396 1626 2461 iudicii
1653 2407 1705 2463 est.

545 2506 627 2569 Hinc
650 2526 721 2570 vero
737 2503 894 2580 discimus,
918 2503 1100 2588 comparatis
1116 2504 1243 2587 reliquis
1259 2505 1465 2590 scriptoribus,
1487 2507 1594 2573 decem
1614 2510 1706 2574 frnsse

544 2617 676 2680 Athenis
698 2611 833 2700 tempore
855 2613 1136 2679 Ecclesiazusarum
1158 2614 1279 2679 subulae
1302 2616 1463 2682 dicasteria
1484 2618 1553 2703 (cfr.
1578 2620 1705 2685 Aristot.

544 2728 607 2792 Pol.
629 2728 681 2806 IV,
706 2728 755 2809 13,
781 2730 808 2808 1,
832 2726 886 2811 qui
913 2725 1010 2790 multo
1038 2726 1128 2812 plura
1156 2747 1243 2791 nosse
1265 2728 1411 2813 videtur).
1454 2730 1568 2795 Decem
1597 2733 1705 2811 tribus,

544 2839 650 2903 decem
672 2838 857 2903 tribunalial
880 2838 1021 2903 Eundem
1043 2859 1208 2901 numerum
1230 2840 1338 2923 probat
1363 2839 1462 2905 Leuke
1485 2842 1617 2926 Topogr.
1633 2844 1704 2908 Ath.

542 2969 573 3036 p.
597 2951 669 3029 258,
692 2972 785 3036 quem
806 2972 971 3015 numerum
992 2950 1020 3015 si
1041 2950 1216 3035 legitimum
1238 2972 1303 3013 esse
1326 2931 1466 3030 velimus,
1490 2973 1616 3019 necesse
1639 2957 1703 3033 erit,

544 3082 643 3127 unum
666 3062 836 3129 alterumve
859 3085 874 3126 e
897 3062 1075 3127 nominibus
1097 3083 1191 3146 supra
1213 3064 1410 3142 enumeratis,
1433 3085 1458 3127 e.
1482 3086 1510 3148 g.
1531 3067 1567 3130 τὰ
1591 3067 1703 3156 Βατρα-

541 3180 639 3261 χιοῦν,
657 3176 690 3239 τὰ
710 3177 895 3252 Φοινικιοῦν,
917 3173 1032 3237 tollere.
1067 3173 1125 3237 Cui
1140 3174 1184 3237 rei
1202 3194 1300 3256 quum
1321 3174 1402 3240 vires
1424 3196 1510 3240 meae
1532 3180 1597 3241 non
1619 3181 1703 3244 sufii-

541 3286 642 3365 ciant,
671 3308 735 3351 una
757 3292 851 3352 restat
872 3285 1020 3369 quaestio,
1049 3291 1157 3349 utrum
1178 3285 1213 3349 in
1235 3285 1300 3364 hoc,
1323 3286 1546 3372 qualiscunque
1569 3296 1626 3369 est,
1649 3291 1703 3355 tri-

540 3398 703 3463 bunalium
725 3418 853 3463 numero
874 3398 1032 3480 Areopago
1054 3395 1138 3461 locus
1160 3396 1254 3461 luerit
1275 3418 1379 3461 necne.

626 3508 660 3572 Si
692 3508 888 3574 scholiastam
919 3508 1001 3572 Plut.
1037 3509 1118 3572 1167
1153 3507 1262 3572 ducem
1294 3531 1472 3594 sequemur,
1506 3531 1569 3576 non
1603 3512 1701 3579 solum

540 3621 735 3705 Areopagum
763 3642 801 3685 ex
827 3619 1035 3685 tribunalibus
1062 3619 1125 3683 illis
1147 3620 1363 3705 Aristophanis
1385 3622 1575 3708 temporibus
1598 3625 1701 3707 fuisse,

538 3731 591 3795 sed
623 3732 717 3797 etiam
750 3732 895 3797 heliastas
923 3731 957 3795 in
987 3732 1092 3796 eodem
1121 3732 1272 3797 iudicasse
1301 3734 1479 3815 latebimur3
1513 3733 1643 3816 deinde,
1676 3736 1701 3801 si

539 3843 631 3908 schol.
659 3843 740 3909 Plut.
774 3846 870 3909 1166:
910 3846 941 3909 ἐν
973 3845 1026 3929 μὲν
1054 3852 1099 3930 τῷ
1126 3848 1181 3907 τοῦ
1205 3843 1397 3932 Ἀρεοποίγοο
1428 3848 1612 3935 δικαστηρίῳ
1645 3850 1699 3936 πρὸ

539 3961 598 4021 τῶν
615 3957 717 4042 θυρῶν
741 3957 943 4043 ἐπεγέγραπτο
967 3955 1018 4021 a':
1041 3976 1151 4020 verum
1173 3955 1286 4023 dixisse
1309 3958 1478 4037 credamus,
1500 3959 1699 4045 Areopagitas

538 4073 574 4131 ut
600 4067 733 4151 reliquos
759 4066 876 4132 iudices
905 4067 1061 4132 sortitione
1090 4067 1200 4131 electos
1223 4090 1304 4148 esse,
1333 4069 1533 4156 Areopagitas
1555 4071 1699 4137 heliastas

537 4179 632 4244 fuisse
654 4199 775 4244 necesse
798 4185 858 4258 est,
888 4186 918 4244 et
940 4178 1066 4264 perinde
1088 4178 1198 4259 luisse,
1222 4186 1328 4245 utrum
1349 4183 1419 4265 quis
1441 4183 1636 4267 Areopagum
1661 4206 1698 4249 an

537 4290 659 4355 Novum
686 4311 726 4355 an
753 4289 890 4354 Medium
918 4312 958 4355 an
985 4289 1070 4356 aliud
1092 4291 1249 4375 quodlibet
1270 4293 1407 4358 tribunal
1436 4300 1516 4358 sorte
1538 4295 1698 4381 acciperet.

537 4401 750 4468 Pervetustam
770 4403 923 4488 Areopagi
945 4403 1159 4467 auctoritatem
1181 4409 1211 4467 et
1233 4404 1428 4469 sanctitatem
1451 4404 1621 4471 abstulerat
1643 4407 1698 4472 Pe

537 4512 620 4578 riclis
647 4521 745 4593 aetas,
770 4521 808 4579 'eo
836 4515 1032 4601 potissimum
1059 4513 1141 4598 quod
1167 4536 1239 4580 eum
1268 4520 1458 4604 δικαστήριον
1481 4518 1582 4600 magis
1604 4540 1698 4606 quam

537 4626 651 4712 βουλὴν
681 4649 746 4693 esse
774 4628 904 4694 volebat.
953 4628 1056 4714 Atque
1084 4626 1238 4693 iudicialis
1266 4628 1325 4693 lori
1358 4629 1523 4694 auctoritas
1556 4652 1622 4697 non
1655 4632 1699 4699 ita
