4484 5467
542 611 582 673 76
924 611 1112 666 Psotueorr.
1149 608 1263 664 eleva
1279 608 1316 663 111

541 790 578 847 ut
605 781 760 848 modulate
787 784 927 868 quidem,
956 805 1017 849 non
1044 790 1150 848 tamen
1176 782 1337 847 artificiose
1358 785 1525 860 canerent,
1555 780 1695 862 utigitur

541 902 587 959 tot
608 895 675 960 soni
702 902 819 974 essent,
853 903 928 981 quot
948 896 1082 979 syllabae
1109 896 1281 960 verberum.
1324 892 1383 957 Cui
1403 892 1549 957 alterum
1578 894 1695 977 accedit

541 1007 621 1091 quod
649 1027 746 1092 aeque
772 1007 928 1093 probabile
955 1007 1078 1072 videtur
1100 1028 1174 1072 esse.
1219 1006 1357 1090 Namque
1383 1004 1475 1089 eopia
1503 1011 1535 1070 et
1557 1007 1696 1071 varietate

540 1119 700 1184 modorum
714 1120 843 1185 Graecos
866 1118 1044 1184 excelluisse
1065 1140 1128 1184 nou
1149 1118 1344 1199 crediderim,
1366 1116 1421 1181 sed
1442 1118 1696 1203 unumquodque

540 1230 715 1295 carminum
736 1252 832 1314 genus
854 1232 919 1297 suis
941 1251 1033 1296 usum
1055 1252 1119 1295 esse
1143 1230 1253 1308 modis,
1273 1235 1305 1294 et
1324 1234 1430 1315 poetas
1451 1228 1583 1294 eosdem
1604 1230 1697 1296 medes

540 1342 730 1424 adhibuisse,
770 1363 845 1428 ques
878 1344 932 1408 alii
964 1343 998 1407 in
1035 1342 1173 1406 eiusdem
1207 1342 1325 1425 generis
1357 1340 1568 1422 carminibus3
1602 1342 1697 1407 medes

540 1456 635 1539 igitur
656 1457 717 1520 iere
738 1475 916 1521 communes
936 1456 1030 1520 luisse
1045 1454 1197 1533 omnibus,
1219 1453 1362 1518 videlieet
1375 1451 1556 1537 paullulum
1571 1454 1697 1520 variatos

540 1568 579 1632 ad
601 1567 793 1650 singularum
814 1568 1008 1654 stropharum
1030 1566 1173 1645 indolem,
1196 1566 1309 1652 quippe
1323 1586 1401 1650 quae
1417 1566 1583 1651 penuariae
1605 1574 1698 1631 essent

540 1678 752 1762 longitudinis.
795 1679 915 1765 Vbique
936 1684 1040 1744 autem
1062 1678 1156 1744 verba
1175 1678 1348 1742 carminum
1369 1678 1610 1763 praevalebant,
1637 1700 1696 1744 ver·

542 1791 627 1856 sibus
656 1811 749 1876 quam
777 1790 943 1855 bellissime
971 1811 1124 1876 quamque
1152 1789 1323 1855 clarissima
1349 1809 1422 1854 voce
1455 1791 1696 1875 pmnuneiandis

539 1903 726 1967 inserviebat
746 1903 864 1985 chorus,
887 1924 993 1968 versus
1015 1908 1089 1988 puto
1111 1902 1245 1967 audiisse
1259 1902 1474 1985 Athenienses,
1497 1924 1565 1968 nou
1588 1904 1695 1985 medos,

539 2037 614 2101 quos
642 2022 761 2081 norant.
811 2015 897 2092 Quod
924 2015 968 2080 ita
996 2016 1120 2097 luisse,
1140 2022 1176 2079 ut
1203 2034 1358 2097 censeam,
1387 2014 1456 2100 ipsa
1482 2015 1630 2081 carmina
1653 2036 1696 2080 me

539 2134 678 2208 movent,
700 2134 766 2192 tam
786 2127 915 2193 mirifico
936 2126 1037 2192 studio
1058 2126 1226 2211 composita
1247 2132 1393 2211 tantaque
1415 2124 1583 2208 diligentia
1602 2127 1696 2193 elabo

541 2246 617 2317 rata,
635 2244 741 2304 movet
762 2260 812 2303 me
834 2239 866 2302 id
887 2239 1030 2317 maxime,
1054 2238 1135 2323 quod
1156 2237 1359 2319 musicorum,
1387 2238 1442 2322 qui
1469 2238 1505 2301 in
1527 2238 1632 2305 modis
1651 2240 1696 2303 in·

539 2350 698 2415 veniendis
726 2350 939 2428 excelluerint,
970 2350 1098 2414 uomina
1125 2370 1222 2435 paene
1250 2349 1435 2432 ignoramus.
1484 2350 1591 2427 Quare
1625 2371 1696 2436 quae
1733 2369 1734 2375 ’

541 2469 689 2527 vocantur
710 2462 834 2546 Lydiae,
857 2462 975 2540 Doriae,
999 2460 1132 2541 Aeoliae,
1155 2461 1315 2544 Phrygiae,
1337 2460 1524 2544 Mixolydiae
1546 2464 1695 2550 strophae,

539 2594 589 2637 aas
617 2578 648 2636 et
676 2573 708 2637 id
735 2572 816 2658 quod
843 2593 1057 2656 nuncupamus
1082 2572 1273 2652 ,Tonarten“
1299 2578 1330 2637 et
1363 2572 1444 2657 quod
1471 2575 1598 2659 proprie
1627 2575 1695 2639 dici-

539 2704 609 2748 mus
639 2684 826 2765 ,Melodienr
856 2684 951 2748 fuisse
977 2683 1200 2765 contenderim,
1229 2684 1306 2748 bene
1334 2704 1463 2768 gnarus,
1492 2686 1602 2750 omnia
1627 2686 1694 2751 haec

538 2796 665 2882 proponi
687 2796 785 2881 magis
807 2794 900 2880 quam
920 2796 1093 2861 confirmari
1114 2816 1202 2881 posse
1224 2796 1291 2880 (cfr.
1305 2796 1435 2862 Boeelrh.
1452 2795 1489 2860 de
1504 2804 1598 2861 metr.
1613 2797 1694 2862 Pind

538 2931 568 2993 p.
593 2910 651 2973 181
668 2929 732 2994 sqq.
776 2910 811 2974 G.
833 2909 937 2973 Herm.
960 2908 1048 2972 elem.
1070 2907 1163 2973 doctr.
1183 2912 1271 2973 metr.
1293 2930 1323 2993 p.
1344 2910 1405 2972 697
1421 2928 1488 2992 sqq.
1532 2908 1693 2975 Rossbach.

534 3020 684 3103 Rhythm.
704 3044 734 3107 p.
758 3023 777 3086 2
800 3021 889 3106 sqq).

629 3133 682 3197 IX.
731 3133 781 3198 Ad
813 3132 1051 3218 Aristophanem
1083 3132 1181 3197 redeo.
1229 3131 1365 3197 Parodus
1397 3131 1586 3216 Vespa-rum,
1621 3132 1695 3221 quod

540 3246 646 3310 eodem
669 3250 766 3310 metro
788 3244 822 3327 (i.
838 3266 864 3307 e.
878 3244 1095 3329 Hipponacteo,
1117 3242 1210 3308 schol.
1233 3243 1314 3307 Plut.
1330 3243 1408 3327 253)
1428 3242 1538 3323 utitur,
1562 3267 1625 3331 quo
1645 3245 1694 3311 Ec·

540 3359 777 3423 clesiazusarum
798 3362 830 3421 et
844 3356 1037 3440 Lysistratae,
1060 3355 1099 3419 ad
1114 3356 1235 3420 eosdem
1250 3357 1357 3441 opinor
1378 3350 1483 3421 modos
1498 3362 1626 3421 cantata
1646 3364 1694 3423 est

540 3472 621 3546 Quos
644 3470 769 3554 quidem
789 3468 909 3546 modos,
938 3465 965 3531 si
992 3465 1067 3550 quid
1095 3466 1130 3530 in
1151 3466 1208 3530 tali
1230 3488 1262 3530 re
1284 3466 1333 3531 vel
1360 3466 1511 3551 suspicari
1532 3469 1584 3533 vel
1606 3470 1694 3534 etiam

538 3582 631 3645 iocari
653 3581 755 3658 liceat,
778 3578 917 3663 aprime
939 3597 1029 3641 versu
1051 3576 1204 3641 notissimi
1226 3576 1323 3640 nostri
1346 3580 1542 3666 ἐμβατηρίου,
1571 3582 1623 3646 eui
1644 3603 1693 3646 no-

539 3712 610 3756 men
644 3699 691 3756 est
724 3691 894 3772 „Dessauer
915 3690 1066 3772 Marsch“,
1095 3710 1158 3755 nou
1180 3689 1314 3753 multum
1328 3689 1529 3755 'abhorruisse
1552 3692 1690 3757 dixerim.

539 3805 643 3880 Quum
664 3823 735 3867 vero
756 3802 926 3866 tetrametri
948 3803 1022 3868 κατὰ
1039 3804 1141 3889 στίχον
1163 3802 1235 3880 sint,
1257 3807 1436 3887 sequentem
1459 3822 1585 3868 versum
1599 3805 1694 3870 modis

537 3913 711 4001 paullulum
741 3913 867 3978 variatis
894 3934 986 3977 usum
1013 3934 1079 3978 esse
1106 3934 1227 3978 necesse
1256 3920 1317 3991 est,
1346 3934 1386 3977 ne
1413 3913 1524 3987 iisdem
1550 3925 1695 4003 perpetuo

538 4026 711 4114 repetendis
744 4031 852 4090 cantus
880 4024 1099 4107 languesceret.
1151 4025 1195 4089 At
1223 4045 1316 4109 supra
1344 4024 1431 4089 binos
1460 4045 1567 4091 versus
1595 4029 1697 4094 modos

538 4140 702 4207 excessisse
729 4138 884 4220 negarim,
912 4137 966 4201 sed
994 4158 1044 4202 eos
1067 4137 1163 4201 altero
1184 4157 1304 4221 quoque
1326 4157 1417 4201 uersu
1445 4139 1591 4222 repetitos
1619 4162 1696 4221 esse3

538 4256 643 4321 novies
665 4252 769 4337 igitur,
793 4271 889 4334 quum
911 4249 1121 4333 duodeviginti
1144 4249 1208 4313 sint
1224 4250 1330 4335 paredi
1352 4270 1467 4327 versus,
1490 4250 1571 4314 hanc
1585 4254 1695 4340 repeti·

537 4368 653 4433 tionem
674 4365 835 4432 medorum
861 4364 976 4426 laetam
1005 4383 1080 4427 esse.
1124 4361 1190 4425 lam
1211 4363 1350 4447 sequitur
1371 4383 1390 4425 a
1415 4383 1444 4426 v.
1468 4363 1530 4427 248
1553 4373 1695 4444 metrum,

539 4478 619 4562 quod
647 4478 760 4544 dieitur
786 4474 1207 4562 τεσσαρεσκαιδεκασύλλαβον
1237 4475 1302 4539 sive
1333 4480 1511 4540 tetrameter
1546 4475 1696 4542 iambicus

540 4589 732 4657 catalecticus
754 4594 951 4679 syncopatae,
974 4609 993 4654 a
1013 4593 1189 4654 tetrametro
1211 4588 1342 4655 iambico
1375 4588 1551 4654 catalectico
1572 4594 1696 4656 tantum
