4484 5467
564 618 796 699 DEIVDICIBVS
815 630 1073 685 ATHENIENSIVM
1091 634 1272 699 auuvsovn
1289 636 1517 694 IVDICIALIBVS
1559 641 1619 705 125

452 809 562 885 negat.
606 802 692 866 Idem
726 803 807 888 apud
842 803 1068 888 lexicographos
1101 807 1247 890 reperies:
1281 830 1414 892 namque
1447 810 1620 894 Hesychius

453 915 535 979 haee
558 915 683 1001 praebet
703 936 727 978 s·
753 936 780 978 v.
807 916 904 988 ξύλονε
934 920 1053 1001 πρῶτον
1078 918 1191 1003 βάθρον
1214 919 1247 982 rh
1272 921 1302 983 ἐν
1325 928 1366 1003 τῇ
1388 924 1549 1009 προεδρεία
1570 926 1620 989 καὶ

455 1035 501 1112 τῇ
525 1027 669 1112 ἐκκλησίᾳ
695 1028 744 1091 καὶ
766 1034 811 1112 τῷ
834 1028 1024 1113 δικαστηρίῳ.
1068 1026 1214 1091 Phelium
1235 1050 1315 1108 vero,
1338 1050 1435 1115 quum
1448 1035 1619 1119 praeberet:

458 1139 551 1212 ξύλον
575 1144 707 1226 πρῶτον,
731 1139 764 1203 τὸ
789 1140 952 1228 βάραθρον,
974 1138 1127 1202 intactum
1148 1139 1340 1224 reliquerunt
1360 1142 1398 1207 R.
1416 1143 1568 1210 Porsonus
1589 1154 1621 1211 et

457 1249 495 1313 G.
520 1249 728 1333 Hermannus,
751 1250 882 1314 conexit
902 1249 1048 1332 Hesychii
1070 1250 1168 1315 editor
1189 1254 1304 1317 auxilio
1326 1254 1459 1321 Pollucis
1481 1258 1532 1335 IV,
1558 1258 1617 1322 121

457 1368 490 1425 et
506 1362 594 1455 VIII,
620 1362 696 1427 133:
728 1363 815 1436 ξύλον
838 1366 974 1449 πρῶτον,
997 1362 1030 1426 τὸ
1054 1364 1177 1450 βάθρον.
1220 1366 1266 1429 Ac
1287 1366 1396 1432 Pollux
1419 1367 1558 1452 quidem,
1582 1369 1619 1433 de

428 1509 431 1514 ·
455 1474 572 1539 theatri
593 1474 732 1560 partibus
754 1495 862 1558 agens:
889 1478 1008 1561 πρῶτον
1039 1476 1071 1538 δὲ
1096 1476 1184 1548 ξύλον
1208 1479 1227 1560 ἡ
1252 1481 1405 1565 προεδρία,
1429 1482 1557 1565 μάλιστα
1585 1482 1619 1545 δὲ

457 1590 619 1667 δικαστῶν,
641 1585 691 1673 ἐφ’
717 1586 758 1652 ὧν
774 1587 889 1651 καὶτὸν
910 1582 1030 1673 πρῶτον
1047 1587 1209 1660 καθίζοντα
1225 1589 1443 1678 πρωτύβαθρον
1471 1591 1618 1674 (Hesych.
1735 1597 1737 1600 ’

455 1698 693 1789 πρωτύβαθρον,
726 1704 782 1783 τῆς
816 1698 976 1784 προεδρίας
1005 1698 1187 1782 ἀξιωθέντα)
1222 1702 1412 1788 Φερεκράτης
1445 1702 1508 1787 (vel
1534 1702 1617 1768 Ἐπι-

455 1812 583 1897 κροίτης,
605 1809 676 1874 vide
697 1809 791 1873 Mein.
815 1808 899 1873 Com.
923 1808 960 1890 Il,
984 1808 1055 1873 356.
1078 1809 1132 1891 III,
1161 1810 1238 1894 373)
1260 1811 1374 1899 είρηκεν
1400 1815 1416 1877 ὁ
1438 1819 1616 1902 κωμῳδοδι-

456 1924 625 1992 δάσκαλοςι
648 1927 678 1984 et
700 1921 737 1985 de
759 1920 882 1988 comitio
905 1941 1074 2006 exponens:
1094 1923 1232 1987 ἐκάλουν
1256 1925 1364 2009 δὲτὴν
1388 1928 1546 2013 προεδρίαν
1569 1931 1619 1993 καὶ

454 2038 578 2120 πρῶτον
605 2034 702 2113 ξύλον,
724 2036 774 2098 καὶ
797 2035 827 2098 ἐν
850 2040 896 2119 τῷ
918 2033 1100 2119 δικαστηρίῳ
1123 2035 1177 2118 τὴν
1194 2037 1312 2120 πρώτην
1329 2037 1617 2124 acdtdpeaSimul

454 2144 602 2209 doeemur
630 2146 686 2209 has
715 2144 800 2209 sedes
823 2144 930 2227 storeis
952 2145 1016 2209 sive
1039 2145 1192 2228 tegetibus
1214 2152 1366 2211 contectas
1393 2148 1501 2213 fuisse:
1528 2152 1565 2214 τὰ
1588 2150 1616 2215 δ’

456 2257 706 2343 ὑποστορνύμενα
734 2263 798 2328 τοῖς
827 2260 979 2327 δικασταῖς
1006 2259 1053 2320 ἐπὶ
1081 2261 1141 2321 τῶν
1169 2260 1265 2344 ἑδρῶν
1296 2260 1403 2343 ψιάθια
1431 2263 1616 2346 ὠνομάζετο.

454 2368 573 2454 Quidni
592 2366 727 2462 ψίαθοςί
749 2369 830 2452 quod
852 2369 981 2433 verbum
1003 2369 1125 2453 saepius
1148 2369 1403 2454 apudComicum
1424 2371 1457 2434 in
1480 2392 1539 2435 usu
1562 2379 1616 2450 est,

455 2482 565 2567 ψιάθια
589 2480 622 2544 in
644 2480 865 2566 superstitibus
883 2480 1009 2564 quidem
1030 2480 1142 2545 sabulis
1164 2502 1326 2565 nusquam.
1388 2562 1390 2565 Ι

500 2643 516 2682 ὁ.
542 2592 608 2657 Iam
636 2593 774 2680 primum
803 2592 1018 2657 subselliorum
1046 2592 1199 2674 ordinem,
1223 2593 1288 2657 sive
1310 2593 1411 2679 lapide
1433 2596 1616 2679 factasunt,

457 2705 525 2770 sive
547 2704 655 2770 storeis
677 2710 814 2793 contecta
835 2704 900 2768 sive
922 2703 1007 2768 nuda
1028 2706 1163 2786 fuerunt,
1185 2706 1219 2768 in
1240 2707 1358 2770 theatro
1386 2707 1501 2792 pariter·
1528 2716 1619 2791 atque

457 2818 493 2881 in
516 2816 641 2881 comitio
663 2823 693 2880 et
716 2815 875 2881 dicasterio
898 2822 1024 2902 apparet
1046 2823 1077 2879 et
1098 2817 1403 2902 potuisseiappellari
1432 2825 1463 2882 et
1484 2820 1620 2905 appella-

455 2936 526 2994 tum
545 2950 613 2993 esse
635 2930 668 2992 τδ
691 2932 811 3014 πρῶτον
839 2929 936 3002 ξύλον.
981 2927 1092 3010 Pnycis
1121 2928 1220 3009 enim,
1251 2950 1345 3012 quem
1371 2930 1620 2996 Acharnensium

456 3061 566 3107 versus
588 3040 610 3104 l.
633 3039 716 3118 dicit,
739 3039 885 3104 subsellia
906 3038 1028 3125 lapidea
1049 3039 1142 3103 fuisse
1164 3060 1202 3102 ex
1223 3039 1387 3124 Equitibus
1409 3041 1541 3124 Comici,
1570 3044 1620 3107 vel

457 3146 622 3218 scholiasta
648 3151 725 3216 Ach.
749 3152 789 3215 25
813 3153 904 3235 duce,
934 3172 1103 3234 cognoscas.
1147 3150 1194 3215 Ibi
1222 3151 1316 3234 igitur
1339 3151 1427 3233 Pnyx
1448 3157 1617 3239 vocaturi]

456 3267 551 3354 πέτρα
573 3258 607 3330 ν.
626 3265 697 3352 754.
722 3265 797 3329 783:
827 3264 920 3353 quod*
937 3263 974 3327 de
996 3262 1150 3351 subselliis
1172 3263 1408 3353 intelligendum
1429 3270 1490 3345 est,
1521 3284 1618 3347 quum

456 3355 598 3464 populus*
614 3378 738 3465 comitia
760 3377 926 3441 habiturus*
945 3376 995 3440 sit.
1038 3375 1144 3460 Neque
1166 3384 1280 3454 tamen,-
1303 3397 1401 3461 quum
1423 3375 1557 3458 Pnycem
1585 3375 1619 3440 in

459 3510 539 3576 rupe
563 3489 657 3553 sitam
679 3511 744 3553 esse
766 3494 874 3553 notum
897 3487 937 3552 sit
959 3488 1046 3573 (nam
1069 3487 1162 3556 schol.
1184 3487 1238 3572 Eq.
1262 3488 1337 3551 753:
1359 3488 1468 3575 πέτρας
1490 3487 1537 3565 δέ,
1564 3494 1634 3573 τῆς,

461 3602 590 3680 πνυκύς,
620 3603 719 3689 ὀρεινὴ
745 3603 801 3688 γὰρ
822 3600 884 3688 ἦν,
908 3604 949 3671 ὡς
980 3600 1087 3680 ἔοικεν,
1112 3599 1206 3663 etiam
1226 3600 1314 3685 peius
1336 3600 1459 3663 uidetur
1481 3599 1619 3665 eruditus

458 3735 535 3793 esse,
559 3734 653 3797 quam
676 3712 849 3796 nostrates),
869 3712 919 3776 isti
944 3711 1057 3776 Comici
1082 3732 1187 3775 versus
1209 3711 1288 3774 mihi
1310 3698 1490 3793 argumento
1511 3697 1618 3791 forent,

457 3827 521 3892 nisi
550 3825 703 3891 isiciarius
732 3825 785 3889 ille
813 3825 958 3910 pulvinar
985 3824 1091 3899 ferret,
1121 3843 1181 3905 quo
1202 3823 1334 3908 populus
1355 3824 1495 3908 podicem
1516 3847 1641 3910 pugna-

459 3937 634 4004 Salaminia
656 3938 798 4002 attritum
821 3942 956 4001 servaret
978 3958 1012 3999 ac
1040 3941 1187 3998 tueretur.
1215 3973 1256 3981 —-
1284 3934 1328 3997 De
1357 3935 1469 3999 theatri
1498 3936 1620 4001 sedibus

455 4072 505 4115 res
533 4051 696 4136 perspicua
723 4058 782 4129 est,
813 4049 889 4135 ἴκρια
919 4049 979 4129 ista
1009 4047 1127 4111 dudum
1142 4046 1268 4139 'abolita
1296 4068 1334 4109 ne
1362 4053 1473 4111 norant
1495 4048 1620 4139 quidem

458 4162 578 4252 Comici
603 4162 754 4246 aequales.
798 4161 841 4224 At
864 4160 900 4223 de
922 4159 1090 4223 dicasteriis
1113 4158 1247 4240 ambigo,
1271 4177 1348 4242 quae
1370 4159 1464 4239 siut
1478 4158 1620 4251 equidem

455 4276 605 4363 arbitror,
639 4282 694 4362 aut
728 4273 831 4339 omnia
859 4277 913 4335 aut
946 4271 1113 4334 maximam
1142 4276 1260 4355 partem
1290 4270 1347 4333 loci
1374 4271 1489 4333 fuerint
1522 4270 1619 4355 aperti

455 4379 603 4453 cancellis
632 4385 842 4471 circumsepti,
871 4390 975 4447 tamen
1005 4384 1101 4476 ferma
1123 4382 1229 4445 eadem
1252 4403 1371 4467 semper
1392 4381 1555 4459 manserit,
1584 4388 1620 4445 ut

454 4500 570 4565 iisdem
592 4497 753 4563 subselliis
779 4495 896 4560 iudices
924 4500 1092 4558 uterentur.
1138 4495 1202 4558 -Vbi
1229 4495 1323 4577 igitur
1356 4501 1468 4556 natura
1499 4493 1558 4557 loci
1586 4494 1619 4557 id
1739 4528 1741 4530 >

457 4609 619 4700 concessit,
642 4616 678 4673 ut
699 4609 733 4672 in
747 4628 830 4694 ‚rupe
852 4606 973 4690 Pnycis,
995 4607 1162 4692 AreopagI,
1183 4606 1293 4697 theatri
1318 4606 1382 4669 sive
1404 4605 1505 4688 potius
1525 4606 1624 4670 Acro.
