4484 5467
1027 592 1222 651 ΣΦΗΚΕΣ

702 766 828 856 ᾄδοντας
850 768 941 834 αὐτὸν
963 770 1110 847 ἐκκαλεῖν,
1133 770 1171 855 ἤν
1194 796 1221 835 τι
1244 796 1309 842 πῶς
1332 772 1465 842 οἰκούσας

676 969 680 974 ἱ
699 882 817 967 τούμοῦ
844 882 956 968 μέλους
978 882 1030 969 ὑφ’
1056 884 1174 968 ἡδονῆς
1196 884 1312 969 ἑρπύσῃ
1337 884 1460 968 θύραζε·

784 994 812 1057 τέ
834 992 964 1084 ποτ”οό
987 995 1044 1080 πρὸ
1067 995 1171 1079 θυρῶν
1195 993 1310 1080 φαίνετ’
1336 994 1385 1079 ἄρ’
1409 998 1481 1079 ἡμῖν
1578 1023 1638 1084 στρ.

786 1091 922 1191 ὁγέρῶν
947 1104 1014 1170 οὐδ’
1040 1106 1198 1186 ὑποκαίεις

839 1221 903 1305 μῶν
928 1219 1110 1283 ἀπολώλεκε
1125 1220 1177 1289 τὰς

836 1331 980 1417 ἐμβάδας,
1002 1331 1022 1415 ἢ
1046 1312 1216 1417 προσέκοψ’
1241 1332 1271 1396 έν

836 1450 881 1528 τῷ
904 1440 1002 1528 σκότῳ
1024 1443 1074 1508 τὸν
1099 1443 1244 1509 δάκτυλόν
1268 1466 1342 1523 που,

575 1728 599 1763 ν.
614 1710 672 1762 271.
709 1709 822 1779 ἐκβαλεῖν
842 1710 872 1761 a.
895 1709 953 1762 Ald.
975 1708 1041 1761 lunt.
1068 1710 1143 1762 Kust.
1171 1709 1286 1763 ἐκκαλεῖν
1306 1711 1337 1761 V.
1355 1710 1438 1763 Bentl.
1456 1711 1553 1763 llawes
1573 1713 1643 1764 hlisc.
1662 1713 1703 1765 Cr.

610 1812 636 1865 p.
656 1797 706 1850 θ66
731 1798 780 1861 (vel
802 1792 967 1862 iaaalriab'),
990 1798 1152 1851 recentiores
1176 1798 1208 1851 ci.
1233 1799 1321 1851 Valclr.
1345 1798 1377 1850 ad
1401 1798 1507 1851 Theocr.
1526 1799 1608 1852 Adon.
1627 1799 1660 1853 43
1678 1817 1703 1868 p.

610 1882 669 1936 353.
689 1885 781 1948 (Pers.)

574 1987 598 2021 v.
613 1968 671 2022 272.
709 1967 828 2042 ἐξερπὺογγ
852 1970 882 2021 R.
901 1972 927 2022 et
944 1970 1020 2037 vulgo
1038 1973 1097 2023 aute
1115 1970 1182 2024 Flor.
1201 1970 1268 2035 Chr,
1290 1972 1334 2040 qui
1351 1971 1495 2024 emendavit
1518 1970 1624 2045 έρπθσγ,
1647 1989 1704 2042 pro·
1772 1982 1774 1985 ’

611 2056 687 2108 batus
706 2057 783 2109 etiam
800 2056 922 2109 Porseno.

575 2159 599 2194 ν.
614 2143 673 2195 274.
709 2142 857 2196 ἀπολώλεκε
874 2143 959 2212 vulgo,
972 2142 1133 2197 ἀπολώλεκεν
1151 2144 1197 2203 τὰς
1211 2144 1285 2197 Dind.
1300 2145 1394 2209 Herm,
1412 2146 1489 2198 iidem
1505 2146 1532 2198 in
1546 2147 1704 2215 antistropha

611 2232 640 2280 ut
661 2228 840 2297 responderet.-
866 2225 998 2289 ἐξαπατῶν
1017 2227 1097 2299 λέγων
1117 2227 1153 2288 ὡς
1177 2228 1181 2296 t
1208 2229 1252 2281 καὶ
1268 2245 1315 2299 pro
1333 2230 1436 2298 uulgato
1454 2228 1585 2291 ἐξαπατῶν
1604 2232 1647 2281 καὶ
1664 2230 1703 2283 λέ-

611 2332 663 2382 γων
689 2311 693 2379 Ι
721 2310 765 2370 ὡς.
784 2312 874 2365 Scribo
900 2328 924 2363 ν.
943 2310 991 2365 281
1016 2310 1147 2373 ἐξαπατῶν
1166 2331 1194 2365 τε
1214 2311 1295 2384 λέγων
1314 2310 1341 2365 θ’
1371 2313 1374 2380 Ι
1401 2312 1446 2372 ῶς.
1468 2315 1500 2367 cl.
1519 2315 1603 2368 Herm.
1622 2316 1660 2367 El.
1679 2316 1703 2367 d.

610 2415 643 2450 m.
662 2415 687 2466 p.
706 2396 765 2451 502.
784 2396 920 2449 Dochmios
938 2396 1070 2449 constituit
1087 2397 1213 2451 Hotibius.

573 2501 598 2535 ν.
612 2483 670 2535 274.
707 2480 861 2554 προσέκοψεν
880 2481 910 2532 R.
926 2480 955 2532 V.
974 2480 1072 2533 Inveru.
1087 2482 1165 2535 Beklr.
1189 2484 1330 2556 προσέκοψε
1346 2484 1404 2537 Ald.
1416 2484 1483 2537 lunt.
1501 2486 1575 2539 Kust.
1593 2487 1703 2540 Brunclr.

610 2567 750 2641 προσέκοψ’
768 2566 793 2619 ἐν
812 2566 919 2618 Bentlei.
937 2564 1012 2618 Dind.
1030 2566 1132 2620 Hirsch.
1150 2568 1251 2636 Bergk,
1269 2568 1342 2621 affert
1359 2569 1422 2621 Poll.
1441 2569 1473 2634 Π,
1492 2571 1549 2623 199.

576 2674 600 2707 ν.
615 2654 673 2708 275.
710 2651 756 2705 εἶτ’
776 2650 931 2723 ἐφλέγμηνεν
950 2648 1027 2703 αὐτοῦ
1046 2651 1131 2720 uulgo.
1158 2652 1254 2705 Versus
1273 2654 1447 2722 antistrophac
1465 2654 1505 2707 bul
1522 2656 1595 2708 τοῦτ’
1615 2653 1704 2729 ὀδυνη-

613 2737 664 2798 θεὶς
695 2742 722 2791 et
747 2738 827 2806 ipsius
851 2736 970 2805 strophae
998 2738 1066 2789 varie
1087 2739 1187 2791 tentat-i.
1224 2738 1410 2811 ἐπερλέγμηνεν
1433 2741 1463 2793 ἄν
1485 2742 1553 2795 Reis.
1573 2741 1600 2794 G.
1619 2758 1644 2809 p.
1663 2742 1704 2795 51.

612 2824 689 2898 λίθῳ,
707 2824 753 2878 εἶτ’
778 2820 913 2897 ἐρλογῶθγ
940 2823 1026 2876 Herm.
1046 2823 1063 2875 l.
1081 2824 1098 2875 l.
1117 2841 1142 2892 p.
1161 2824 1185 2877 3.
1212 2826 1296 2878 Probo
1314 2826 1418 2893 Bergkii
1435 2828 1620 2891 coniecturam,
1647 2828 1706 2880 licet

611 2914 712 2982 liugero
730 2911 756 2963 in
778 2925 885 2963 censura
906 2910 965 2961 libri
982 2909 1119 2978 Berghiani
1137 2909 1231 2973 (lahrb.
1253 2911 1271 2963 f.
1290 2911 1354 2963 Phil.
1374 2913 1403 2964 T.
1423 2912 1463 2965 63.
1482 2914 1513 2965 Η.
1533 2914 1548 2965 ⁸2
1567 2917 1593 2966 et
1610 2913 1636 2977 3)
1655 2930 1705 2966 nou

610 3001 745 3069 probetur:
764 2995 938 3068 ἐπερλέγμτγνε
955 2995 980 3048 θ’
998 2994 1084 3060 αὐτοῦ,
1103 2997 1129 3048 in
1149 3013 1223 3065 quam
1241 2997 1297 3065 ipse
1316 2997 1411 3049 dudum
1429 2999 1576 3051 incideram.
1613 3000 1660 3053 Cui
1677 3007 1706 3052 ut.

611 3084 810 3153 antistrophicus
832 3083 997 3151 respondeat,
1025 3082 1188 3135 scribendum
1212 3081 1253 3134 διὰ
1274 3082 1346 3135 τόνδ’
1374 3080 1496 3156 ῶδυνήθνγ
1524 3083 1528 3150 Ι
1555 3078 1616 3155 κᾷτ’
1644 3084 1705 3142 ἴσως

610 3179 690 3226 κεῖται
707 3169 846 3242 πυρέττων.
880 3168 931 3221 vid.
954 3168 1054 3237 Proleg.
1079 3185 1103 3236 p.
1124 3169 1166 3221 77.
1201 3168 1308 3223 Bentlei.
1328 3169 1380 3222 εἶτα
1399 3169 1547 3242 φλεγμήνει’
1567 3168 1597 3221 ἂν
1617 3170 1703 3222 αὐτοῦ.

591 3416 615 3451 ν.
641 3396 699 3450 273.
736 3394 869 3448 Canticum
886 3392 956 3446 chori
980 3393 1098 3445 antistro-
1148 3397 1174 3446 at
1191 3397 1299 3462 possunt
1316 3394 1392 3447 etiam
1411 3394 1550 3447 choriambi
1567 3408 1637 3457 esse,
1661 3394 1704 3461 qui

537 3486 644 3555 phieum
667 3482 741 3551 eopia
764 3483 789 3533 et
814 3479 958 3533 diuersitate
985 3478 1104 3531 abundat
1148 3496 1205 3531 cum
1222 3480 1443 3549 dactyloepitritis
1455 3481 1642 3549 coniunguntur
1651 3495 1705 3532 sae-

537 3584 708 3637 versuumque
718 3566 861 3619 distributio
871 3565 929 3618 talis
938 3566 1097 3633 exstatapud
1147 3566 1218 3634 pius:
1243 3567 1322 3619 altera
1345 3583 1405 3636 pars
1423 3583 1511 3620 versus
1529 3567 1642 3620 continet
1659 3581 1705 3619 sex
1805 3623 1808 3628 ,

537 3657 664 3719 editores,
688 3657 730 3718 ut,
754 3670 830 3722 quam
851 3654 919 3704 viam
936 3653 1097 3720 potissimum
1147 3669 1171 3704 ν.
1190 3652 1326 3705 atr-277
1349 3653 1612 3726 μῶν-βουβωνιῴη.
1655 3652 1705 3705 Da-

536 3741 698 3811 ingrcdiaris,
715 3740 769 3792 iure
787 3738 896 3791 dubites.
923 3737 1008 3789 Etiam
1020 3738 1097 3790 Ross-
1147 3739 1324 3807 ctylo-epitriti
1352 3744 1419 3793 suut
1461 3740 1549 3793 Tertia
1576 3754 1636 3807 pars
1666 3741 1723 3791 est-

537 3829 645 3882 bachius
669 3829 695 3879 ct
717 3824 883 3893 Westphalus
910 3840 1011 3877 carmen
1038 3840 1097 3877 con·
1147 3842 1171 3877 ν.
1190 3825 1241 3878 278
1264 3826 1403 3897 ἠ-ἡμῖν,
1427 3828 1488 3879 item
1507 3842 1521 3878 ο
1539 3825 1705 3893 dactylo-epi-

536 3915 643 3969 stituere
660 3911 873 3980 supersedebant,
897 3911 1097 3979 corruptelarum
1146 3911 1213 3963 tritis
1240 3914 1374 3976 constans,
1405 3929 1455 3966 non
1481 3912 1585 3976 iisdem,
1612 3911 1705 3980 quibus

535 4000 664 4070 phalange
689 3997 818 4060 admoniti,
841 3996 913 4049 Matr.
936 4013 961 4064 p.
980 3996 1039 4050 445.
1064 4025 1097 4033 -
1146 3997 1217 4066 prior
1233 4013 1306 4066 pars,
1326 3999 1410 4052 modis
1427 4014 1487 4062 usa,
1509 3998 1554 4050 sed
1571 3998 1703 4050 similibus.

537 4086 665 4140 Videntur
682 4088 767 4137 tamen
779 4085 898 4151 quattuor
910 4096 967 4134 esse
979 4083 1097 4135 carminis
1148 4083 1245 4147 Quarta
1262 4087 1346 4137 autem
1365 4084 1491 4138 secundae
1514 4083 1603 4136 modos
1621 4083 1703 4135 iterat.

536 4175 624 4243 partas
652 4174 697 4223 aut
723 4171 847 4239 quinque,
874 4168 896 4220 si
922 4168 999 4220 rerba
1026 4164 1096 4220 λίθον
1148 4169 1269 4222 ΟΙαυουΙο
1292 4188 1316 4223 ν.
1339 4171 1403 4235 280,
1428 4170 1468 4223 cui
1492 4169 1623 4222 addendus
1647 4183 1703 4219 cum

536 4260 613 4331 ἕψεις,
635 4256 716 4327 έλεγεν
734 4258 836 4309 cantata
852 4254 954 4318 fuerint,
971 4270 1022 4307 non
1034 4256 1097 4308 reci·
1146 4255 1291 4309 Hermanno
1303 4273 1405 4310 versus:
1424 4254 1502 4326 ὕπαγ’
1517 4255 1538 4307 dr
1555 4262 1602 4308 παῖ
1617 4251 1704 4322 ὕπαγε,

535 4348 598 4399 tata.
630 4345 716 4397 Prima
733 4342 811 4411 igitur
827 4355 887 4409 pars
904 4343 1005 4393 constat
1021 4357 1096 4394 versu
1147 4345 1191 4395 aut
1216 4344 1322 4395 recitata
1347 4347 1460 4407 tantum,
1490 4341 1558 4411 quod
1586 4339 1702 4408 equidem

536 4432 588 4485 273
606 4428 810 4483 rt—brraaoba.
846 4428 912 4481 Sunt
925 4426 1004 4479 lonici
1022 4428 1095 4479 ami·
1146 4428 1307 4492 crediderim,
1335 4433 1379 4482 aut
1404 4430 1494 4482 iisdem
1520 4425 1602 4480 modis
1628 4428 1703 4492 atque

536 4518 607 4583 nori,
634 4518 770 4586 propterea
795 4514 863 4584 quod
889 4530 991 4569 carmen
1019 4515 1094 4568 huius
1146 4515 1277 4570 exordium
1295 4518 1405 4571 cantata.

535 4604 606 4658 modi
630 4618 719 4657 versus
743 4602 809 4656 κατὰ
837 4602 922 4676 στίχον
952 4602 1095 4670 excipiunt,
