4484 5467
621 643 665 695 DE
682 643 853 697 IVDIOIBVS
871 642 1129 697 ATHENIENSIVM
1148 646 1327 711 REBVSQVE
1345 646 1574 700 IVDlGlALlBVS
1634 649 1694 711 105

536 814 703 893 Av.*109,
725 814 808 879 unde
829 813 917 879 Suid.
944 837 969 879 s.
992 836 1021 878 v.
1044 815 1205 901 ἡλιαστὴς]
1229 818 1288 881 ἀπὸ
1314 821 1447 904 μεγάλου
1473 819 1542 902 (τοῦ
1567 847 1598 905 μ.
1606 819 1635 903 2³)
1657 824 1696 885 δι·

536 923 703 1014 καστηρίου
716 930 772 1012 τῆς
789 925 946 998 Ἧλιαίαςε
967 925 1143 1011 paullulum
1157 928 1285 992 mutatis
1307 930 1346 993 ad
1360 931 1451 1014 Vesp.
1468 932 1547 995 772:
1561 969 1602 978 -—
1616 931 1695 1017 είλη]

542 1040 649 1121 ἔπαιξε
677 1040 711 1104 δὲ
738 1040 820 1126 παρὰ
845 1039 900 1123 τὴν
927 1038 1049 1124 ἡλιαίαν
1077 1040 1110 1102 τδ
1141 1039 1279 1125 μέγιστον
1308 1044 1514 1128 δικαστήριυν;
1543 1047 1574 1106 et
1593 1042 1697 1126 Equo.

539 1150 624 1215 255:
648 1151 674 1214 ῶ
697 1152 834 1237 γέροντες
855 1150 1008 1236 ἡλιασταί]
1032 1155 1121 1215 τοῦτο
1147 1153 1164 1215 δ
1186 1151 1294 1217 Κλέων
1317 1153 1396 1237 λέγει
1417 1155 1468 1217 καὶ
1489 1153 1579 1225 αὐτὸς
1600 1155 1698 1219 ἐπικα-

542 1263 695 1351 λούμενος
715 1263 788 1333 τυδς
809 1263 949 1333 δικαστάς
977 1263 1018 1333 εἰς
1041 1265 1195 1351 βοήθειαν.
1239 1266 1344 1349 ἡλιαία
1370 1265 1426 1350 γὰρ
1455 1264 1523 1350 (τδῗ
1544 1264 1591 1329 ita
1612 1265 1698 1330 Suid.

537 1398 562 1440 s.
578 1397 609 1439 v.
631 1374 793 1460 ἡλιαστής)
817 1374 954 1461 μέγιστον
976 1376 1165 1461 δικαστήριον
1187 1374 1346 1462 Ἀθήνησι,
1368 1375 1534 1461 eodemque
1549 1377 1697 1452 exhibent

537 1467 760 1572 lexicographi,
783 1491 820 1551 ut
840 1485 1039 1571 Harpooratio
1054 1491 1092 1550 'et
1114 1485 1225 1551 Suidas
1247 1510 1272 1552 s.
1294 1509 1324 1552 ν.
1347 1490 1468 1573 ἡλιαία,
1495 1487 1608 1553 additis
1627 1489 1696 1576 ¹his:

537 1599 646 1684 ἡλιαία
669 1597 722 1685 μέν
746 1597 807 1662 ἐστι
829 1598 863 1661 τδ
888 1596 1025 1683 μέγιστον
1049 1600 1239 1684 δικαστήριον
1266 1602 1326 1664 τῶν
1346 1598 1530 1686 Ἀθήνησιν,
1559 1600 1590 1665 ἐν
1614 1595 1640 1688 ᾤ
1662 1602 1698 1666 τὰ

538 1710 673 1796 δημόσια
698 1712 759 1776 τῶν
787 1710 972 1796 πραγμάτων
1001 1708 1132 1795 ἐκρίνετο
1160 1709 1266 1794 χιλίων
1290 1711 1437 1776 δικαστῶν
1459 1712 1480 1797 ἢ
1502 1713 1610 1798 χιλίων
1640 1712 1699 1797 (ita

539 1820 708 1901 Bekkerus,
731 1802 796 1887 eod.
817 1820 856 1885 N.
871 1819 1129 1886 Dormstadiensis
1143 1819 1274 1885 Werleri
1295 1842 1355 1885 om.
1377 1823 1398 1906 ἦ
1418 1824 1541 1908 χιλίων)
1562 1826 1612 1890 καὶ
1634 1848 1698 1890 πεν-

540 1934 694 2000 τακοσίων
719 1933 891 1999 συνιόντων.
934 1930 1083 2017 συνῄεσαν
1108 1935 1141 1998 δὲ
1165 1933 1263 2018 οἱμὲν
1285 1933 1378 2019 χίλιοι
1400 1934 1435 1998 ἐκ
1457 1937 1541 2015 δυοῖν
1565 1939 1699 2023 δικαστη-

540 2048 634 2135 ρίων,
664 2048 692 2110 oi
721 2047 754 2111 δὲ
782 2047 876 2133 χίλιοι
897 2044 1086 2109 πεντακόσιοι
1114 2046 1149 2111 ἐκ
1176 2049 1277 2132 τριῶν.
1321 2043 1435 2109 Eadem
1457 2046 1584 2111 Photius
1611 2071 1636 2112 s.
1658 2070 1699 2127 u,

540 2159 597 2243 qui
619 2161 775 2243 praeterea
788 2157 897 2222 habet:
920 2157 1026 2242 ἡλιαία
1047 2155 1139 2227 τόπος
1152 2156 1329 2243 Ἀθήνησιν,
1352 2158 1393 2227 εἰς
1415 2156 1448 2222 δν
1472 2161 1628 2243 συνάγεται
1644 2160 1699 2224 δύο

542 2271 731 2356 δικαστήρια,
753 2269 823 2336 ὅταν
845 2270 939 2355 χίλιοι
961 2270 1139 2342 δικάζωσιν·
1163 2268 1204 2333 ῶν
1228 2268 1411 2354 προέστηκεν
1434 2269 1477 2340 είς
1491 2272 1699 2357 γραμματείςε

541 2381 649 2468 paullo
671 2382 761 2446 aliter
778 2380 922 2461 Zonaras,
945 2378 999 2463 qui
1020 2378 1171 2463 explicato
1193 2384 1304 2463 etymo,
1318 2380 1362 2444 in
1384 2401 1444 2464 quo
1465 2382 1527 2445 fere
1548 2383 1701 2448 consentit

541 2515 616 2571 oum
636 2492 737 2577 Eiym.
759 2492 803 2556 M.
825 2514 855 2578 p.
876 2492 951 2573 427,
973 2491 1025 2572 27,
1048 2490 1123 2555 dieii
1144 2492 1233 2557 hoeo:
1260 2491 1323 2557 ἔστι
1348 2494 1381 2557 δὲ
1402 2494 1435 2557 τδ
1460 2493 1598 2579 μέγιστον
1622 2497 1699 2560 δικα-

544 2609 668 2693 στήριον
690 2604 874 2690 Ἀθήνησιν,
902 2605 933 2669 ἐν
961 2599 983 2688 ἡ
1006 2604 1042 2669 τὰ
1064 2603 1196 2689 δημόσια
1218 2608 1277 2670 τῶν
1297 2607 1486 2692 ,πραγμάτων
1510 2606 1657 2693 ἐκρίνετο,
1679 2608 1699 2692 ἢ

540 2719 642 2809 βουλὴ
673 2716 708 2801 (i.
731 2697 940 2801 εέκκλησία,
969 2736 1010 2779 an
1033 2715 1243 2803 δικαστήριυνδ
1271 2717 1392 2802 saepius
1418 2716 1501 2782 enim
1523 2723 1701 2803 permutan-

538 2831 607 2915 tm)
632 2832 807 2895 συνεστῶσα
830 2828 862 2901 ἐξ
885 2828 1003 2913 ἀνδρῶν
1026 2828 1134 2913 χιλίων
1158 2827 1236 2911 (eod.
1255 2829 1284 2892 A
1305 2829 1339 2893 in
1361 2830 1422 2893 fine
1436 2849 1491 2914 pro
1513 2832 1619 2916 χιλίων
1642 2832 1699 2895 hu-

540 2944 594 3009 bet
624 2944 773 3027 ἑξήκοντα
794 2941 965 3026 τεσσάρων,
995 2939 1076 3023 quod
1097 2959 1190 3005 sensu
1212 2939 1324 3022 earet),
1346 2941 1365 3025 ἢ
1389 2940 1445 3027 ὅλη
1467 2943 1488 3025 ἡ
1511 2943 1593 3016 τάξις
1615 2941 1650 3025 (i.
1673 2964 1699 3005 e.

540 3054 663 3129 iudices
685 3052 838 3117 odunum
860 3071 975 3134 omnes
998 3050 1025 3115 si
1048 3050 1106 3115 diis
1122 3050 1232 3136 placet,
1254 3050 1352 3135 sexies
1366 3050 1476 3135 mille).
1511 3051 1627 3116 Eadem
1640 3054 1702 3117 fere

540 3135 657 3232 Sullas
682 3187 707 3230 s.
730 3185 760 3229 v.
789 3163 894 3248 ἡλιαία
915 3166 965 3228 καὶ
993 3161 1187 3248 ἡλιάζεσδαι]
1211 3164 1306 3251 βουλὴ
1332 3166 1507 3228 συνεστῶσα
1528 3165 1560 3238 ἐξ
1584 3166 1701 3251 ἀνδρῶν

539 3280 664 3368 χιλίων·
694 3274 813 3361 ἐλέγετο
835 3277 886 3340 καὶ
909 3275 925 3338 ὁ
947 3274 1166 3354 τόποςόὖτος,
1188 3277 1219 3340 ἐν
1244 3271 1271 3363 ᾧ
1295 3276 1539 3362 συνηθροίζοντο.
1583 3277 1701 3360 ἡλιάζε-

541 3393 614 3457 σθαι
637 3390 671 3455 δὲ
693 3390 743 3455 καὶ
763 3387 884 3473 ἡλίασίς
906 3388 967 3451 ἐστι
989 3388 1022 3452 τὸ
1048 3387 1082 3452 ’ἐν
1114 3388 1221 3473 ἡλιαία
1246 3390 1384 3461 δικάζειν.
1427 3387 1568 3472 Denique
1589 3386 1700 3452 Pollux

539 3502 630 3580 VHL
661 3500 721 3564 123
749 3502 769 3585 ἡ
793 3499 899 3584 ἡλιαία
921 3498 1126 3564 πεντακοσίων
1158 3499 1305 3584 (quocum
1326 3500 1477 3582 conferas,
1505 3499 1586 3584 quod
1607 3499 1723 3565 sohol..

539 3615 596 3680 Ar.
618 3613 710 3698 Vesp.
735 3612 775 3676 88
797 3609 905 3675 orauit:
928 3610 1007 3695 ἦσαν
1034 3611 1068 3674 δὲ
1090 3612 1232 3694 ἡλιασταί
1252 3612 1301 3677 τδν
1325 3612 1453 3698 ἀριδμδν
1477 3610 1532 3698 ρ’),
1554 3613 1581 3676 εἰ
1603 3613 1636 3677 δὲ
1657 3637 1702 3699 χι-

540 3728 617 3792 λίων
633 3723 697 3788 δέοι
712 3706 869 3800 δικαστῶν,
893 3723 1048 3788 συνίστατο
1073 3721 1096 3809 β
1122 3725 1307 3810 δικαστήρια,
1329 3724 1356 3787 εί
1377 3723 1410 3787 δὲ
1432 3724 1636 3789 πεντακοσίων
1653 3726 1702 3789 καὶ

539 3838 660 3925 χιλίων,
682 3836 757 3922 τρία.
801 3834 969 3899 Pausanias
991 3833 1124 3918 denique
1144 3834 1169 3917 Ι,
1192 3835 1243 3913 28,
1263 3836 1297 3899 8:
1318 3835 1352 3899 τδ
1376 3836 1409 3899 δὲ
1433 3835 1572 3920 μέγιστον
1595 3838 1646 3902 καὶ
1667 3838 1699 3907 ἐς

541 3951 559 4015 ὃ
582 3951 719 4016 πλεῖστοι
742 3949 885 4026 συνίασιν,
905 3946 1046 4013 Ἡλιαίαν
1069 3950 1224 4012 καλοῦσιν.

628 4061 695 4124 lam
714 4080 797 4143 vero,
818 4060 890 4124 lieet
911 4081 930 4124 o
950 4057 1105 4144 plerisque
1126 4056 1255 4121 Heliaea
1275 4059 1308 4121 τὺ
1333 4058 1483 4143 μέγιστιον
1508 4061 1699 4145 δικαστήριον

539 4175 584 4240 sil
604 4178 758 4255 vocatum,
779 4176 1032 4236 vocotureamen
1053 4169 1149 4234 etiam
1170 4170 1203 4233 τὺ
1228 4170 1320 4254 μέγα,
1348 4174 1379 4233 et
1406 4191 1425 4233 a
1447 4171 1570 4236 Polluce
1599 4194 1701 4235 πεντα-

540 4286 657 4353 κοσίων
684 4283 832 4350 tribunol.
876 4284 912 4347 In
940 4282 1132 4347 Timocrates
1158 4300 1246 4366 porro
1268 4281 1482 4347 Demosthenis
1511 4304 1541 4366 p.
1571 4282 1633 4345 733
1667 4280 1702 4344 in

540 4397 610 4481 lege
632 4396 775 4482 quadam,
798 4396 863 4461 sive
884 4395 990 4481 spuria
1011 4400 1057 4459 est
1078 4394 1143 4458 sive
1165 4394 1263 4479 κυρία,
1286 4398 1333 4456 ter
1355 4394 1533 4458 nominetur
1548 4395 1568 4478 ἡ
1585 4393 1701 4477 ἡλιαία,

539 4515 579 4575 ut
602 4507 682 4573 nihil
704 4506 789 4572 aliud
811 4508 853 4573 sit
874 4527 968 4593 quam
996 4505 1125 4591 quodvis
1153 4504 1358 4569 dieasterium.
1402 4504 1571 4569 AZonara
1598 4511 1703 4570 autem

540 4622 661 4703 diseas,
689 4625 721 4685 et
746 4625 867 4706 portem
894 4618 1033 4686 iudicum
1061 4622 1091 4684 et
1113 4618 1154 4701 ael
1175 4639 1275 4683 unum
1296 4638 1401 4683 omnes
1419 4617 1561 4685 Ἡλιαίαν
1585 4617 1700 4699 vooa1i3
