<?xml version="1.0" encoding="UTF-8"?>
<!DOCTYPE html PUBLIC "-//W3C//DTD XHTML 1.0 Transitional//EN"
    "http://www.w3.org/TR/xhtml1/DTD/xhtml1-transitional.dtd">
<html xmlns="http://www.w3.org/1999/xhtml" xml:lang="en" lang="en">
 <head>
  <title>
</title>
<meta http-equiv="Content-Type" content="text/html;charset=utf-8" />
  <meta name='ocr-system' content='tesseract 3.04.00' />
  <meta name='ocr-capabilities' content='ocr_page ocr_carea ocr_par ocr_line ocrx_word'/>
</head>
<body>
  <div class='ocr_page' id='page_1' title='image "./vespaecumproleg00richgoog_0242.png"; bbox 0 0 4484 5467; ppageno 0'>
   <div class='ocr_carea' id='block_1_1' title="bbox 1028 427 1223 486">
    <p class='ocr_par' dir='ltr' id='par_1_1' title="bbox 1028 427 1223 486">
     <span class='ocr_line' id='line_1_1' title="bbox 1028 427 1223 486; baseline 0.005 -1"><span class='ocrx_word' id='word_1_1' title='bbox 1028 427 1223 486; x_wconf 83' lang='grc' dir='ltr'><strong>ΣΦΗΚΕΣ</strong></span> 
     </span>
    </p>
   </div>
   <div class='ocr_carea' id='block_1_2' title="bbox 1210 601 1234 643">
    <p class='ocr_par' dir='ltr' id='par_1_2' title="bbox 1210 601 1234 643">
     <span class='ocr_line' id='line_1_2' title="bbox 1210 601 1234 643; baseline 0 0"><span class='ocrx_word' id='word_1_2' title='bbox 1210 601 1234 643; x_wconf 68' lang='grc'>,0</span> 
     </span>
    </p>
   </div>
   <div class='ocr_carea' id='block_1_3' title="bbox 698 600 1684 1025">
    <p class='ocr_par' dir='ltr' id='par_1_3' title="bbox 698 600 1684 1025">
     <span class='ocr_line' id='line_1_3' title="bbox 699 600 1618 691; baseline -0.002 -23"><span class='ocrx_word' id='word_1_3' title='bbox 699 606 778 668; x_wconf 84' lang='grc' dir='ltr'>ἀλλά</span> <span class='ocrx_word' id='word_1_4' title='bbox 802 603 835 690; x_wconf 79' lang='grc' dir='ltr'>μ’</span> <span class='ocrx_word' id='word_1_5' title='bbox 860 602 986 691; x_wconf 82' lang='grc' dir='ltr'>εὐωχεῖν</span> <span class='ocrx_word' id='word_1_6' title='bbox 1009 603 1130 689; x_wconf 77' lang='grc' dir='ltr'>ἕτοιμός</span> <span class='ocrx_word' id='word_1_7' title='bbox 1152 604 1204 667; x_wconf 84' lang='grc' dir='ltr'>ἐστ</span> <span class='ocrx_word' id='word_1_8' title='bbox 1256 602 1318 687; x_wconf 82' lang='grc' dir='ltr'>ἐγὼ</span> <span class='ocrx_word' id='word_1_9' title='bbox 1342 600 1370 666; x_wconf 81' lang='grc' dir='ltr'>δ’</span> <span class='ocrx_word' id='word_1_10' title='bbox 1397 601 1433 666; x_wconf 78' lang='grc' dir='ltr'>οὐ</span> <span class='ocrx_word' id='word_1_11' title='bbox 1458 603 1618 691; x_wconf 80' lang='grc' dir='ltr'>βούλομαι.</span> 
     </span>
     <span class='ocr_line' id='line_1_4' title="bbox 1061 727 1182 786; baseline 0 -1"><span class='ocrx_word' id='word_1_12' title='bbox 1061 727 1182 786; x_wconf 81' lang='grc' dir='ltr'>ΧΟΡΟΣ.</span> 
     </span>
     <span class='ocr_line' id='line_1_5' title="bbox 698 824 1684 913; baseline -0.002 -21"><span class='ocrx_word' id='word_1_13' title='bbox 698 826 782 892; x_wconf 83' lang='grc' dir='ltr'>τοῦτ’</span> <span class='ocrx_word' id='word_1_14' title='bbox 797 825 944 912; x_wconf 79' lang='grc' dir='ltr'>ἐτόλμησ’</span> <span class='ocrx_word' id='word_1_15' title='bbox 960 829 975 889; x_wconf 80' lang='grc' dir='ltr'>ὁ</span> <span class='ocrx_word' id='word_1_16' title='bbox 990 828 1095 912; x_wconf 82' lang='grc' dir='ltr'>μιαρὸς</span> <span class='ocrx_word' id='word_1_17' title='bbox 1106 831 1206 913; x_wconf 84' lang='grc' dir='ltr'><strong>χανεῖν</strong></span> <span class='ocrx_word' id='word_1_18' title='bbox 1218 827 1234 888; x_wconf 83' lang='grc' dir='ltr'><strong><em>ὃ</em></strong></span> <span class='ocrx_word' id='word_1_19' title='bbox 1245 824 1509 911; x_wconf 75' lang='grc' dir='ltr'>Δημολογοκλέων</span> <span class='ocrx_word' id='word_1_20' title='bbox 1521 825 1583 904; x_wconf 80' lang='grc' dir='ltr'>ὅδ’,</span> <span class='ocrx_word' id='word_1_21' title='bbox 1602 828 1684 913; x_wconf 83' lang='grc' dir='ltr'>ατμβ</span> 
     </span>
     <span class='ocr_line' id='line_1_6' title="bbox 836 936 1519 1025; baseline 0.001 -26"><span class='ocrx_word' id='word_1_22' title='bbox 836 936 880 1000; x_wconf 80' lang='grc' dir='ltr'>ὅτι</span> <span class='ocrx_word' id='word_1_23' title='bbox 902 937 997 1021; x_wconf 83' lang='grc' dir='ltr'>λέγεις</span> <span class='ocrx_word' id='word_1_24' title='bbox 1021 939 1056 1003; x_wconf 82' lang='grc' dir='ltr'>σύ</span> <span class='ocrx_word' id='word_1_25' title='bbox 1079 964 1106 1003; x_wconf 91' lang='grc' dir='ltr'>τι</span> <span class='ocrx_word' id='word_1_26' title='bbox 1129 940 1195 1025; x_wconf 82' lang='grc' dir='ltr'>περὶ</span> <span class='ocrx_word' id='word_1_27' title='bbox 1216 941 1276 1002; x_wconf 86' lang='grc' dir='ltr'>τῶν</span> <span class='ocrx_word' id='word_1_28' title='bbox 1299 940 1374 1001; x_wconf 82' lang='grc' dir='ltr'>νεῶν</span> <span class='ocrx_word' id='word_1_29' title='bbox 1397 936 1519 1022; x_wconf 76' lang='grc' dir='ltr'>ἀληθές.</span> 
     </span>
    </p>
   </div>
   <div class='ocr_carea' id='block_1_4' title="bbox 612 1191 1696 1437">
    <p class='ocr_par' dir='ltr' id='par_1_4' title="bbox 612 1191 1696 1437">
     <span class='ocr_line' id='line_1_7' title="bbox 613 1191 1696 1267; baseline 0 -22"><span class='ocrx_word' id='word_1_30' title='bbox 613 1192 736 1247; x_wconf 85' lang='lat' dir='ltr'>Brunck.:</span> <span class='ocrx_word' id='word_1_31' title='bbox 761 1196 807 1245; x_wconf 81' lang='grc' dir='ltr'>τοῦ</span> <span class='ocrx_word' id='word_1_32' title='bbox 830 1192 852 1245; x_wconf 77' lang='grc' dir='ltr'>δ’</span> <span class='ocrx_word' id='word_1_33' title='bbox 879 1191 971 1267; x_wconf 79' lang='grc' dir='ltr'>ἐφέξειν</span> <span class='ocrx_word' id='word_1_34' title='bbox 994 1192 1017 1245; x_wconf 80' lang='grc' dir='ltr'>ὦ</span> <span class='ocrx_word' id='word_1_35' title='bbox 1038 1193 1130 1261; x_wconf 81' lang='grc' dir='ltr'>μάταιε</span> <span class='ocrx_word' id='word_1_36' title='bbox 1150 1196 1231 1246; x_wconf 79' lang='grc' dir='ltr'>ταῦτα</span> <span class='ocrx_word' id='word_1_37' title='bbox 1258 1193 1325 1267; x_wconf 80' lang='grc' dir='ltr'>δρῶν</span> <span class='ocrx_word' id='word_1_38' title='bbox 1352 1212 1379 1247; x_wconf 81' lang='grc' dir='ltr'>σε</span> <span class='ocrx_word' id='word_1_39' title='bbox 1402 1191 1525 1263; x_wconf 75' lang='grc' dir='ltr'>βοῦλεπαι.</span> <span class='ocrx_word' id='word_1_40' title='bbox 1570 1194 1696 1247; x_wconf 87' lang='lat' dir='ltr'>Dobraeus</span> 
     </span>
     <span class='ocr_line' id='line_1_8' title="bbox 612 1279 1696 1334; baseline 0 -1"><span class='ocrx_word' id='word_1_41' title='bbox 612 1280 677 1333; x_wconf 80' lang='lat' dir='ltr'>hdr.</span> <span class='ocrx_word' id='word_1_42' title='bbox 696 1284 740 1332; x_wconf 88' lang='lat' dir='ltr'>aut</span> <span class='ocrx_word' id='word_1_43' title='bbox 757 1279 1019 1333; x_wconf 82' lang='lat' dir='ltr'>cumiiemsterhusio</span> <span class='ocrx_word' id='word_1_44' title='bbox 1037 1279 1173 1333; x_wconf 85' lang='lat' dir='ltr'>delendum</span> <span class='ocrx_word' id='word_1_45' title='bbox 1191 1285 1278 1334; x_wconf 89' lang='lat' dir='ltr'>censet</span> <span class='ocrx_word' id='word_1_46' title='bbox 1295 1296 1396 1333; x_wconf 86' lang='lat' dir='ltr'>versum</span> <span class='ocrx_word' id='word_1_47' title='bbox 1415 1283 1459 1333; x_wconf 88' lang='lat' dir='ltr'>aut</span> <span class='ocrx_word' id='word_1_48' title='bbox 1475 1280 1639 1334; x_wconf 86' lang='lat' dir='ltr'>scribendum</span> <span class='ocrx_word' id='word_1_49' title='bbox 1656 1286 1696 1333; x_wconf 73' lang='lat' dir='ltr'>coi</span> 
     </span>
     <span class='ocr_line' id='line_1_9' title="bbox 612 1364 956 1437; baseline 0.009 -20"><span class='ocrx_word' id='word_1_50' title='bbox 612 1366 637 1418; x_wconf 78' lang='grc' dir='ltr'>δ’</span> <span class='ocrx_word' id='word_1_51' title='bbox 656 1364 750 1437; x_wconf 77' lang='grc' dir='ltr'>ἐφέξων</span> <span class='ocrx_word' id='word_1_52' title='bbox 768 1368 784 1419; x_wconf 88' lang='lat' dir='ltr'>i.</span> <span class='ocrx_word' id='word_1_53' title='bbox 803 1383 825 1419; x_wconf 90' lang='lat' dir='ltr'>e.</span> <span class='ocrx_word' id='word_1_54' title='bbox 843 1365 956 1420; x_wconf 78' lang='grc' dir='ltr'>παὺσων.</span> 
     </span>
    </p>
   </div>
   <div class='ocr_carea' id='block_1_5' title="bbox 577 1467 1704 1953">
    <p class='ocr_par' dir='ltr' id='par_1_5' title="bbox 577 1467 1704 1953">
     <span class='ocr_line' id='line_1_10' title="bbox 577 1467 1701 1525; baseline 0.004 -5"><span class='ocrx_word' id='word_1_55' title='bbox 577 1485 601 1521; x_wconf 83' lang='grc' dir='ltr'>ν.</span> <span class='ocrx_word' id='word_1_56' title='bbox 614 1467 672 1520; x_wconf 73' lang='lat'>342.</span> <span class='ocrx_word' id='word_1_57' title='bbox 708 1468 852 1522; x_wconf 86' lang='lat' dir='ltr'><strong>Admodum</strong></span> <span class='ocrx_word' id='word_1_58' title='bbox 871 1470 990 1523; x_wconf 83' lang='lat' dir='ltr'>differunt</span> <span class='ocrx_word' id='word_1_59' title='bbox 1007 1471 1073 1523; x_wconf 88' lang='lat' dir='ltr'>inter</span> <span class='ocrx_word' id='word_1_60' title='bbox 1090 1486 1117 1521; x_wconf 91' lang='lat' dir='ltr'>se</span> <span class='ocrx_word' id='word_1_61' title='bbox 1136 1470 1247 1523; x_wconf 81' lang='lat' dir='ltr'>editores</span> <span class='ocrx_word' id='word_1_62' title='bbox 1265 1473 1290 1521; x_wconf 91' lang='lat' dir='ltr'>ot</span> <span class='ocrx_word' id='word_1_63' title='bbox 1308 1470 1389 1522; x_wconf 87' lang='lat' dir='ltr'>critici</span> <span class='ocrx_word' id='word_1_64' title='bbox 1405 1469 1432 1521; x_wconf 92' lang='lat' dir='ltr'>in</span> <span class='ocrx_word' id='word_1_65' title='bbox 1450 1470 1567 1522; x_wconf 84' lang='lat' dir='ltr'>versibus</span> <span class='ocrx_word' id='word_1_66' title='bbox 1586 1472 1626 1524; x_wconf 89' lang='lat' dir='ltr'>his</span> <span class='ocrx_word' id='word_1_67' title='bbox 1645 1489 1701 1525; x_wconf 91' lang='lat' dir='ltr'>een·</span> 
     </span>
     <span class='ocr_line' id='line_1_11' title="bbox 613 1555 1704 1625; baseline 0.002 -18"><span class='ocrx_word' id='word_1_68' title='bbox 613 1556 755 1609; x_wconf 84' lang='lat' dir='ltr'>stitueudis.</span> <span class='ocrx_word' id='word_1_69' title='bbox 795 1557 954 1625; x_wconf 78' lang='lat' dir='ltr'>Hirsehigius</span> <span class='ocrx_word' id='word_1_70' title='bbox 981 1573 1100 1610; x_wconf 82' lang='lat' dir='ltr'>versuum</span> <span class='ocrx_word' id='word_1_71' title='bbox 1125 1556 1320 1624; x_wconf 74' lang='lat' dir='ltr'>descriptionem</span> <span class='ocrx_word' id='word_1_72' title='bbox 1343 1555 1486 1622; x_wconf 82' lang='lat' dir='ltr'><strong>vulgatam,</strong></span> <span class='ocrx_word' id='word_1_73' title='bbox 1511 1561 1541 1608; x_wconf 92' lang='lat' dir='ltr'>ut</span> <span class='ocrx_word' id='word_1_74' title='bbox 1564 1558 1642 1622; x_wconf 81' lang='lat' dir='ltr'>solet,</span> <span class='ocrx_word' id='word_1_75' title='bbox 1668 1574 1704 1609; x_wconf 91' lang='lat' dir='ltr'>re-</span> 
     </span>
     <span class='ocr_line' id='line_1_12' title="bbox 612 1640 1704 1712; baseline 0.001 -17"><span class='ocrx_word' id='word_1_76' title='bbox 612 1645 693 1712; x_wconf 89' lang='lat' dir='ltr'>petiit.</span> <span class='ocrx_word' id='word_1_77' title='bbox 728 1645 752 1695; x_wconf 86' lang='lat' dir='ltr'>A</span> <span class='ocrx_word' id='word_1_78' title='bbox 775 1643 805 1696; x_wconf 87' lang='lat' dir='ltr'>G.</span> <span class='ocrx_word' id='word_1_79' title='bbox 826 1644 912 1698; x_wconf 83' lang='lat' dir='ltr'><strong>Herm.</strong></span> <span class='ocrx_word' id='word_1_80' title='bbox 934 1644 1023 1698; x_wconf 92' lang='lat' dir='ltr'>melior</span> <span class='ocrx_word' id='word_1_81' title='bbox 1044 1643 1140 1712; x_wconf 88' lang='lat' dir='ltr'>prodiit</span> <span class='ocrx_word' id='word_1_82' title='bbox 1165 1657 1283 1695; x_wconf 85' lang='lat' dir='ltr'>versuum</span> <span class='ocrx_word' id='word_1_83' title='bbox 1308 1640 1383 1705; x_wconf 87' lang='lat' dir='ltr'>erdo,</span> <span class='ocrx_word' id='word_1_84' title='bbox 1409 1657 1497 1710; x_wconf 89' lang='lat' dir='ltr'>quem,</span> <span class='ocrx_word' id='word_1_85' title='bbox 1522 1644 1625 1696; x_wconf 91' lang='lat' dir='ltr'>emissis</span> <span class='ocrx_word' id='word_1_86' title='bbox 1644 1645 1704 1695; x_wconf 89' lang='lat' dir='ltr'>Her-</span> 
     </span>
     <span class='ocr_line' id='line_1_13' title="bbox 612 1726 1704 1798; baseline 0.003 -19"><span class='ocrx_word' id='word_1_87' title='bbox 612 1730 698 1780; x_wconf 88' lang='lat' dir='ltr'>mauui</span> <span class='ocrx_word' id='word_1_88' title='bbox 729 1729 895 1794; x_wconf 73' lang='lat' dir='ltr'>coniecturiS,</span> <span class='ocrx_word' id='word_1_89' title='bbox 930 1730 983 1782; x_wconf 85' lang='lat' dir='ltr'>fere</span> <span class='ocrx_word' id='word_1_90' title='bbox 1018 1730 1114 1798; x_wconf 88' lang='lat' dir='ltr'>recepit</span> <span class='ocrx_word' id='word_1_91' title='bbox 1146 1727 1280 1796; x_wconf 77' lang='lat' dir='ltr'>BergkiuS.</span> <span class='ocrx_word' id='word_1_92' title='bbox 1327 1726 1474 1780; x_wconf 88' lang='lat' dir='ltr'>Dindorfius</span> <span class='ocrx_word' id='word_1_93' title='bbox 1507 1729 1534 1780; x_wconf 91' lang='lat' dir='ltr'>iu</span> <span class='ocrx_word' id='word_1_94' title='bbox 1567 1729 1704 1782; x_wconf 88' lang='lat' dir='ltr'>Parisieusi</span> 
     </span>
     <span class='ocr_line' id='line_1_14' title="bbox 611 1810 1704 1883; baseline 0.001 -16"><span class='ocrx_word' id='word_1_95' title='bbox 611 1830 701 1868; x_wconf 86' lang='lat' dir='ltr'>versus</span> <span class='ocrx_word' id='word_1_96' title='bbox 723 1813 773 1867; x_wconf 98' lang='grc'>343</span> <span class='ocrx_word' id='word_1_97' title='bbox 794 1814 851 1868; x_wconf 89' lang='lat' dir='ltr'>loco</span> <span class='ocrx_word' id='word_1_98' title='bbox 874 1815 975 1883; x_wconf 86' lang='lat' dir='ltr'>signum</span> <span class='ocrx_word' id='word_1_99' title='bbox 999 1814 1105 1867; x_wconf 86' lang='lat' dir='ltr'>lacunae</span> <span class='ocrx_word' id='word_1_100' title='bbox 1128 1814 1230 1882; x_wconf 77' lang='lat' dir='ltr'>posuit,</span> <span class='ocrx_word' id='word_1_101' title='bbox 1249 1813 1275 1864; x_wconf 90' lang='lat' dir='ltr'>iu</span> <span class='ocrx_word' id='word_1_102' title='bbox 1293 1810 1431 1864; x_wconf 84' lang='lat' dir='ltr'>Oxeniensi</span> <span class='ocrx_word' id='word_1_103' title='bbox 1448 1813 1500 1865; x_wconf 82' lang='lat' dir='ltr'>iere</span> <span class='ocrx_word' id='word_1_104' title='bbox 1518 1829 1576 1865; x_wconf 92' lang='lat' dir='ltr'>cum</span> <span class='ocrx_word' id='word_1_105' title='bbox 1595 1814 1704 1880; x_wconf 79' lang='lat' dir='ltr'>Bergkie</span> 
     </span>
     <span class='ocr_line' id='line_1_15' title="bbox 616 1898 750 1953; baseline -0.03 0"><span class='ocrx_word' id='word_1_106' title='bbox 616 1898 750 1953; x_wconf 84' lang='lat' dir='ltr'>consentit.</span> 
     </span>
    </p>
   </div>
   <div class='ocr_carea' id='block_1_6' title="bbox 579 1995 1705 2245">
    <p class='ocr_par' dir='ltr' id='par_1_6' title="bbox 579 1995 1705 2245">
     <span class='ocr_line' id='line_1_16' title="bbox 579 1995 1704 2075; baseline -0.001 -19"><span class='ocrx_word' id='word_1_107' title='bbox 579 2020 604 2058; x_wconf 84' lang='grc' dir='ltr'>ν.</span> <span class='ocrx_word' id='word_1_108' title='bbox 617 2002 675 2055; x_wconf 69' lang='lat'>342.</span> <span class='ocrx_word' id='word_1_109' title='bbox 715 1997 933 2073; x_wconf 76' lang='grc' dir='ltr'>Δημολογοκλέων</span> <span class='ocrx_word' id='word_1_110' title='bbox 959 2001 1050 2070; x_wconf 78' lang='lat' dir='ltr'>vulgo,</span> <span class='ocrx_word' id='word_1_111' title='bbox 1078 1999 1287 2070; x_wconf 82' lang='grc' dir='ltr'>δεινολογοκλέων</span> <span class='ocrx_word' id='word_1_112' title='bbox 1309 1999 1340 2053; x_wconf 86' lang='lat' dir='ltr'>G.</span> <span class='ocrx_word' id='word_1_113' title='bbox 1363 1999 1461 2064; x_wconf 84' lang='lat' dir='ltr'>Herm,</span> <span class='ocrx_word' id='word_1_114' title='bbox 1483 1995 1704 2075; x_wconf 75' lang='grc' dir='ltr'>Δημολογοκλέων</span> 
     </span>
     <span class='ocr_line' id='line_1_17' title="bbox 610 2084 1705 2159; baseline 0.002 -19"><span class='ocrx_word' id='word_1_115' title='bbox 610 2086 706 2152; x_wconf 74' lang='lat' dir='ltr'>Hono,</span> <span class='ocrx_word' id='word_1_116' title='bbox 725 2090 780 2139; x_wconf 92' lang='lat' dir='ltr'>tum</span> <span class='ocrx_word' id='word_1_117' title='bbox 798 2086 841 2159; x_wconf 83' lang='grc' dir='ltr'>ἄρ’</span> <span class='ocrx_word' id='word_1_118' title='bbox 864 2086 962 2140; x_wconf 89' lang='lat' dir='ltr'>addidit</span> <span class='ocrx_word' id='word_1_119' title='bbox 979 2086 1009 2139; x_wconf 83' lang='lat' dir='ltr'>G.</span> <span class='ocrx_word' id='word_1_120' title='bbox 1028 2085 1113 2139; x_wconf 91' lang='lat' dir='ltr'>Herm.</span> <span class='ocrx_word' id='word_1_121' title='bbox 1132 2084 1175 2138; x_wconf 80' lang='lat' dir='ltr'>n’</span> <span class='ocrx_word' id='word_1_122' title='bbox 1193 2085 1268 2139; x_wconf 86' lang='lat' dir='ltr'>Dind.</span> <span class='ocrx_word' id='word_1_123' title='bbox 1286 2084 1379 2153; x_wconf 86' lang='lat' dir='ltr'>Bergk.</span> <span class='ocrx_word' id='word_1_124' title='bbox 1397 2084 1520 2139; x_wconf 88' lang='lat' dir='ltr'>etHerm.</span> <span class='ocrx_word' id='word_1_125' title='bbox 1538 2087 1566 2139; x_wconf 92' lang='lat' dir='ltr'>in</span> <span class='ocrx_word' id='word_1_126' title='bbox 1582 2088 1625 2142; x_wconf 89' lang='lat' dir='ltr'>ed.</span> <span class='ocrx_word' id='word_1_127' title='bbox 1637 2089 1705 2157; x_wconf 86' lang='lat' dir='ltr'>Lips.</span> 
     </span>
     <span class='ocr_line' id='line_1_18' title="bbox 610 2168 1469 2245; baseline -0.003 -19"><span class='ocrx_word' id='word_1_128' title='bbox 610 2174 729 2226; x_wconf 85' lang='lat' dir='ltr'>Reiskius</span> <span class='ocrx_word' id='word_1_129' title='bbox 751 2173 912 2242; x_wconf 89' lang='lat' dir='ltr'>proponebat</span> <span class='ocrx_word' id='word_1_130' title='bbox 929 2168 1164 2245; x_wconf 85' lang='grc' dir='ltr'>Δημοκλονοκλέων</span> <span class='ocrx_word' id='word_1_131' title='bbox 1183 2174 1228 2225; x_wconf 87' lang='lat' dir='ltr'>ant</span> <span class='ocrx_word' id='word_1_132' title='bbox 1244 2168 1469 2242; x_wconf 84' lang='grc' dir='ltr'>Δημογελοκλέων.</span> 
     </span>
    </p>
   </div>
   <div class='ocr_carea' id='block_1_7' title="bbox 575 2279 1704 2444">
    <p class='ocr_par' dir='ltr' id='par_1_7' title="bbox 575 2279 1704 2444">
     <span class='ocr_line' id='line_1_19' title="bbox 575 2279 1704 2357; baseline 0.001 -18"><span class='ocrx_word' id='word_1_133' title='bbox 575 2302 600 2339; x_wconf 85' lang='grc' dir='ltr'>ν.</span> <span class='ocrx_word' id='word_1_134' title='bbox 612 2284 671 2339; x_wconf 90' lang='grc'><strong>343.</strong></span> <span class='ocrx_word' id='word_1_135' title='bbox 707 2280 744 2336; x_wconf 80' lang='grc' dir='ltr'>ὅτι</span> <span class='ocrx_word' id='word_1_136' title='bbox 765 2282 843 2354; x_wconf 79' lang='grc' dir='ltr'>λέγεις</span> <span class='ocrx_word' id='word_1_137' title='bbox 863 2302 887 2337; x_wconf 87' lang='grc' dir='ltr'>τι</span> <span class='ocrx_word' id='word_1_138' title='bbox 907 2283 963 2357; x_wconf 74' lang='grc' dir='ltr'>περὶ</span> <span class='ocrx_word' id='word_1_139' title='bbox 983 2289 1036 2337; x_wconf 86' lang='grc' dir='ltr'>τῶν</span> <span class='ocrx_word' id='word_1_140' title='bbox 1059 2288 1124 2337; x_wconf 87' lang='grc' dir='ltr'>νεῶν</span> <span class='ocrx_word' id='word_1_141' title='bbox 1147 2279 1241 2356; x_wconf 73' lang='grc' dir='ltr'>ἀληθές</span> <span class='ocrx_word' id='word_1_142' title='bbox 1266 2284 1297 2337; x_wconf 86' lang='lat' dir='ltr'>R.</span> <span class='ocrx_word' id='word_1_143' title='bbox 1315 2283 1348 2337; x_wconf 88' lang='lat' dir='ltr'>V.</span> <span class='ocrx_word' id='word_1_144' title='bbox 1365 2282 1396 2337; x_wconf 87' lang='lat' dir='ltr'>B.</span> <span class='ocrx_word' id='word_1_145' title='bbox 1416 2283 1445 2337; x_wconf 83' lang='lat' dir='ltr'>O.</span> <span class='ocrx_word' id='word_1_146' title='bbox 1472 2282 1549 2337; x_wconf 91' lang='lat' dir='ltr'>Dind.</span> <span class='ocrx_word' id='word_1_147' title='bbox 1573 2284 1602 2337; x_wconf 91' lang='lat' dir='ltr'>in</span> <span class='ocrx_word' id='word_1_148' title='bbox 1624 2285 1704 2340; x_wconf 81' lang='lat' dir='ltr'>Oxou.</span> 
     </span>
     <span class='ocr_line' id='line_1_20' title="bbox 610 2365 1704 2444; baseline 0.001 -20"><span class='ocrx_word' id='word_1_149' title='bbox 610 2369 703 2437; x_wconf 81' lang='lat' dir='ltr'>Bergk.</span> <span class='ocrx_word' id='word_1_150' title='bbox 729 2368 830 2424; x_wconf 85' lang='lat' dir='ltr'>Hirsch.</span> <span class='ocrx_word' id='word_1_151' title='bbox 857 2367 894 2422; x_wconf 76' lang='grc' dir='ltr'>ὅτι</span> <span class='ocrx_word' id='word_1_152' title='bbox 912 2368 990 2441; x_wconf 79' lang='grc' dir='ltr'>λέγεις</span> <span class='ocrx_word' id='word_1_153' title='bbox 1007 2387 1035 2423; x_wconf 89' lang='grc' dir='ltr'>π.</span> <span class='ocrx_word' id='word_1_154' title='bbox 1051 2388 1074 2423; x_wconf 91' lang='grc' dir='ltr'>τ.</span> <span class='ocrx_word' id='word_1_155' title='bbox 1092 2389 1115 2422; x_wconf 89' lang='grc' dir='ltr'>ν.</span> <span class='ocrx_word' id='word_1_156' title='bbox 1133 2365 1243 2441; x_wconf 73' lang='grc' dir='ltr'>τάληθές</span> <span class='ocrx_word' id='word_1_157' title='bbox 1260 2368 1373 2425; x_wconf 85' lang='lat' dir='ltr'>Bnmch.</span> <span class='ocrx_word' id='word_1_158' title='bbox 1399 2369 1530 2424; x_wconf 80' lang='lat' dir='ltr'>Porsenna</span> <span class='ocrx_word' id='word_1_159' title='bbox 1547 2367 1660 2444; x_wconf 72' lang='grc' dir='ltr'>τάληθὲς</span> <span class='ocrx_word' id='word_1_160' title='bbox 1678 2371 1704 2425; x_wconf 80' lang='grc' dir='ltr'>δν</span> 
     </span>
    </p>
   </div>
   <div class='ocr_carea' id='block_1_8' title="bbox 501 2577 1741 3176">
    <p class='ocr_par' dir='ltr' id='par_1_8' title="bbox 501 2577 1741 3176">
     <span class='ocr_line' id='line_1_21' title="bbox 540 2577 1703 2664; baseline 0.001 -19"><span class='ocrx_word' id='word_1_161' title='bbox 540 2578 543 2582; x_wconf 53' lang='grc'><strong>’</strong></span> <span class='ocrx_word' id='word_1_162' title='bbox 593 2608 617 2645; x_wconf 87' lang='grc' dir='ltr'>ν.</span> <span class='ocrx_word' id='word_1_163' title='bbox 636 2591 695 2649; x_wconf 75' lang='grc'><strong>341.</strong></span> <span class='ocrx_word' id='word_1_164' title='bbox 723 2585 838 2664; x_wconf 71' lang='grc' dir='ltr'>εὐωχεῖν.</span> <span class='ocrx_word' id='word_1_165' title='bbox 873 2590 957 2656; x_wconf 85' lang='lat' dir='ltr'>Quum</span> <span class='ocrx_word' id='word_1_166' title='bbox 974 2593 1042 2645; x_wconf 86' lang='lat' dir='ltr'>senis</span> <span class='ocrx_word' id='word_1_167' title='bbox 1059 2587 1096 2644; x_wconf 90' lang='lat' dir='ltr'>iu·</span> <span class='ocrx_word' id='word_1_168' title='bbox 1146 2607 1203 2645; x_wconf 92' lang='lat' dir='ltr'>eum</span> <span class='ocrx_word' id='word_1_169' title='bbox 1221 2592 1283 2659; x_wconf 91' lang='lat' dir='ltr'>odit,</span> <span class='ocrx_word' id='word_1_170' title='bbox 1300 2577 1495 2662; x_wconf 81' lang='lat' dir='ltr'>Demolegecleo</span> <span class='ocrx_word' id='word_1_171' title='bbox 1512 2608 1581 2660; x_wconf 85' lang='lat' dir='ltr'>vero,</span> <span class='ocrx_word' id='word_1_172' title='bbox 1599 2596 1645 2663; x_wconf 90' lang='lat' dir='ltr'>qui</span> <span class='ocrx_word' id='word_1_173' title='bbox 1660 2594 1703 2647; x_wconf 82' lang='grc' dir='ltr'>τὸν</span> 
     </span>
     <span class='ocr_line' id='line_1_22' title="bbox 543 2671 1703 2750; baseline 0.002 -19"><span class='ocrx_word' id='word_1_174' title='bbox 543 2677 606 2731; x_wconf 85' lang='lat' dir='ltr'>dicis</span> <span class='ocrx_word' id='word_1_175' title='bbox 624 2671 658 2730; x_wconf 87' lang='lat' dir='ltr'>sit</span> <span class='ocrx_word' id='word_1_176' title='bbox 675 2677 768 2745; x_wconf 87' lang='lat' dir='ltr'>potius,</span> <span class='ocrx_word' id='word_1_177' title='bbox 792 2681 822 2729; x_wconf 89' lang='lat' dir='ltr'>ut</span> <span class='ocrx_word' id='word_1_178' title='bbox 838 2676 931 2731; x_wconf 86' lang='lat' dir='ltr'>Noster</span> <span class='ocrx_word' id='word_1_179' title='bbox 949 2678 992 2743; x_wconf 89' lang='lat' dir='ltr'>ait,</span> <span class='ocrx_word' id='word_1_180' title='bbox 1009 2680 1096 2748; x_wconf 79' lang='grc' dir='ltr'>πεινῆν</span> <span class='ocrx_word' id='word_1_181' title='bbox 1146 2682 1192 2730; x_wconf 82' lang='grc' dir='ltr'>τοῦ</span> <span class='ocrx_word' id='word_1_182' title='bbox 1223 2677 1306 2750; x_wconf 79' lang='grc' dir='ltr'>δήμου</span> <span class='ocrx_word' id='word_1_183' title='bbox 1332 2678 1408 2749; x_wconf 87' lang='grc' dir='ltr'>λόγον</span> <span class='ocrx_word' id='word_1_184' title='bbox 1435 2680 1489 2732; x_wconf 91' lang='lat' dir='ltr'>edit</span> <span class='ocrx_word' id='word_1_185' title='bbox 1515 2682 1560 2732; x_wconf 86' lang='lat' dir='ltr'>aut</span> <span class='ocrx_word' id='word_1_186' title='bbox 1589 2680 1703 2748; x_wconf 88' lang='lat' dir='ltr'>impedit.</span> 
     </span>
     <span class='ocr_line' id='line_1_23' title="bbox 541 2758 1704 2843; baseline 0.001 -25"><span class='ocrx_word' id='word_1_187' title='bbox 541 2762 606 2843; x_wconf 74' lang='grc' dir='ltr'>ᾗπερ</span> <span class='ocrx_word' id='word_1_188' title='bbox 623 2758 760 2836; x_wconf 84' lang='grc' dir='ltr'>Ἀντιφῶν.</span> <span class='ocrx_word' id='word_1_189' title='bbox 1147 2765 1213 2817; x_wconf 90' lang='lat' dir='ltr'>Nam</span> <span class='ocrx_word' id='word_1_190' title='bbox 1236 2764 1400 2834; x_wconf 89' lang='lat' dir='ltr'>imperiosum</span> <span class='ocrx_word' id='word_1_191' title='bbox 1423 2769 1448 2818; x_wconf 92' lang='lat' dir='ltr'>et</span> <span class='ocrx_word' id='word_1_192' title='bbox 1471 2768 1609 2833; x_wconf 78' lang='lat' dir='ltr'>tyrannum</span> <span class='ocrx_word' id='word_1_193' title='bbox 1634 2765 1704 2819; x_wconf 82' lang='lat' dir='ltr'>Cleo·</span> 
     </span>
     <span class='ocr_line' id='line_1_24' title="bbox 501 2847 1704 2926; baseline 0.002 -24"><span class='ocrx_word' id='word_1_194' title='bbox 501 2864 505 2871; x_wconf 90' lang='lat'>·</span> <span class='ocrx_word' id='word_1_195' title='bbox 593 2866 617 2903; x_wconf 85' lang='grc' dir='ltr'>ν.</span> <span class='ocrx_word' id='word_1_196' title='bbox 635 2848 694 2902; x_wconf 89' lang='grc'><strong>341.</strong></span> <span class='ocrx_word' id='word_1_197' title='bbox 730 2854 830 2922; x_wconf 82' lang='grc' dir='ltr'>χανεῑνι</span> <span class='ocrx_word' id='word_1_198' title='bbox 860 2847 938 2901; x_wconf 88' lang='lat' dir='ltr'>schel.</span> <span class='ocrx_word' id='word_1_199' title='bbox 972 2848 1026 2900; x_wconf 80' lang='grc' dir='ltr'>ἀντὶ</span> <span class='ocrx_word' id='word_1_200' title='bbox 1043 2850 1097 2900; x_wconf 75' lang='grc' dir='ltr'>Ιτοῦ</span> <span class='ocrx_word' id='word_1_201' title='bbox 1147 2866 1205 2903; x_wconf 91' lang='lat' dir='ltr'>nem</span> <span class='ocrx_word' id='word_1_202' title='bbox 1225 2866 1299 2903; x_wconf 89' lang='lat' dir='ltr'>suum</span> <span class='ocrx_word' id='word_1_203' title='bbox 1316 2865 1372 2903; x_wconf 90' lang='lat' dir='ltr'>esse</span> <span class='ocrx_word' id='word_1_204' title='bbox 1390 2850 1481 2903; x_wconf 91' lang='lat' dir='ltr'>chorus</span> <span class='ocrx_word' id='word_1_205' title='bbox 1499 2855 1524 2903; x_wconf 88' lang='lat' dir='ltr'>et</span> <span class='ocrx_word' id='word_1_206' title='bbox 1538 2852 1631 2926; x_wconf 85' lang='lat' dir='ltr'>scitet</span> <span class='ocrx_word' id='word_1_207' title='bbox 1647 2867 1704 2921; x_wconf 91' lang='lat' dir='ltr'>pro·</span> 
     </span>
     <span class='ocr_line' id='line_1_25' title="bbox 542 2933 1741 3009; baseline -0.004 -19"><span class='ocrx_word' id='word_1_208' title='bbox 542 2936 627 3000; x_wconf 78' lang='grc' dir='ltr'>εἰπεῖν,</span> <span class='ocrx_word' id='word_1_209' title='bbox 646 2950 695 3004; x_wconf 92' lang='lat' dir='ltr'>quo</span> <span class='ocrx_word' id='word_1_210' title='bbox 713 2934 1097 3002; x_wconf 85' lang='lat' dir='ltr'>sensurerbumreliqnisleeis</span> <span class='ocrx_word' id='word_1_211' title='bbox 1147 2935 1199 3000; x_wconf 88' lang='lat' dir='ltr'>bat,</span> <span class='ocrx_word' id='word_1_212' title='bbox 1224 2935 1292 3004; x_wconf 91' lang='lat' dir='ltr'>quod</span> <span class='ocrx_word' id='word_1_213' title='bbox 1314 2950 1360 3002; x_wconf 93' lang='lat' dir='ltr'>pro</span> <span class='ocrx_word' id='word_1_214' title='bbox 1379 2950 1407 2988; x_wconf 89' lang='lat' dir='ltr'>se</span> <span class='ocrx_word' id='word_1_215' title='bbox 1424 2935 1475 2988; x_wconf 89' lang='lat' dir='ltr'>fiat.</span> <span class='ocrx_word' id='word_1_216' title='bbox 1510 2936 1601 3004; x_wconf 86' lang='lat' dir='ltr'>Itaque</span> <span class='ocrx_word' id='word_1_217' title='bbox 1620 2933 1702 3009; x_wconf 90' lang='grc' dir='ltr'>Δημο-</span> <span class='ocrx_word' id='word_1_218' title='bbox 1738 2982 1741 2985; x_wconf 86' lang='grc'>.</span> 
     </span>
     <span class='ocr_line' id='line_1_26' title="bbox 541 3019 1703 3093; baseline -0.002 -17"><span class='ocrx_word' id='word_1_219' title='bbox 541 3020 750 3086; x_wconf 80' lang='lat' dir='ltr'>ferenonutitur3</span> <span class='ocrx_word' id='word_1_220' title='bbox 761 3020 855 3087; x_wconf 88' lang='lat' dir='ltr'>ubique</span> <span class='ocrx_word' id='word_1_221' title='bbox 865 3020 933 3073; x_wconf 91' lang='lat' dir='ltr'>enim</span> <span class='ocrx_word' id='word_1_222' title='bbox 944 3019 1046 3093; x_wconf 83' lang='grc' dir='ltr'>χάσκειν</span> <span class='ocrx_word' id='word_1_223' title='bbox 1056 3022 1095 3071; x_wconf 91' lang='lat' dir='ltr'>est</span> <span class='ocrx_word' id='word_1_224' title='bbox 1144 3020 1287 3092; x_wconf 84' lang='grc' dir='ltr'>λογοκλέων</span> <span class='ocrx_word' id='word_1_225' title='bbox 1300 3022 1384 3074; x_wconf 86' lang='lat' dir='ltr'>verbis</span> <span class='ocrx_word' id='word_1_226' title='bbox 1397 3021 1566 3075; x_wconf 86' lang='lat' dir='ltr'>Philocleouis</span> <span class='ocrx_word' id='word_1_227' title='bbox 1582 3037 1703 3090; x_wconf 79' lang='lat' dir='ltr'>prouoca-</span> 
     </span>
     <span class='ocr_line' id='line_1_27' title="bbox 540 3104 1702 3176; baseline -0.002 -15"><span class='ocrx_word' id='word_1_228' title='bbox 540 3109 619 3171; x_wconf 85' lang='lat' dir='ltr'>hiare,</span> <span class='ocrx_word' id='word_1_229' title='bbox 636 3106 742 3170; x_wconf 87' lang='lat' dir='ltr'>hietare,</span> <span class='ocrx_word' id='word_1_230' title='bbox 760 3120 810 3158; x_wconf 90' lang='lat' dir='ltr'>non</span> <span class='ocrx_word' id='word_1_231' title='bbox 829 3120 872 3158; x_wconf 92' lang='lat' dir='ltr'>ere</span> <span class='ocrx_word' id='word_1_232' title='bbox 889 3105 976 3157; x_wconf 81' lang='lat' dir='ltr'>hiante</span> <span class='ocrx_word' id='word_1_233' title='bbox 994 3104 1070 3173; x_wconf 93' lang='lat' dir='ltr'>loqui.</span> <span class='ocrx_word' id='word_1_234' title='bbox 1144 3110 1200 3171; x_wconf 89' lang='lat' dir='ltr'>tus,</span> <span class='ocrx_word' id='word_1_235' title='bbox 1228 3121 1326 3160; x_wconf 87' lang='lat' dir='ltr'>osorem</span> <span class='ocrx_word' id='word_1_236' title='bbox 1353 3106 1441 3176; x_wconf 91' lang='lat' dir='ltr'>populi</span> <span class='ocrx_word' id='word_1_237' title='bbox 1467 3110 1493 3160; x_wconf 90' lang='lat' dir='ltr'>et</span> <span class='ocrx_word' id='word_1_238' title='bbox 1518 3107 1657 3160; x_wconf 85' lang='lat' dir='ltr'>iudicantis</span> <span class='ocrx_word' id='word_1_239' title='bbox 1679 3112 1702 3159; x_wconf 91' lang='lat' dir='ltr'>et</span> 
     </span>
    </p>
   </div>
   <div class='ocr_carea' id='block_1_9' title="bbox 591 3183 1701 3278">
    <p class='ocr_par' dir='ltr' id='par_1_9' title="bbox 591 3183 1701 3278">
     <span class='ocr_line' id='line_1_28' title="bbox 591 3183 1701 3278; baseline -0.016 -15"><span class='ocrx_word' id='word_1_240' title='bbox 591 3228 616 3264; x_wconf 85' lang='grc' dir='ltr'>ν.</span> <span class='ocrx_word' id='word_1_241' title='bbox 631 3207 690 3262; x_wconf 88' lang='grc'>343.</span> <span class='ocrx_word' id='word_1_242' title='bbox 725 3203 957 3278; x_wconf 60' lang='grc' dir='ltr'>Δημολογοκλέων,</span> <span class='ocrx_word' id='word_1_243' title='bbox 984 3204 1094 3259; x_wconf 47' lang='lat' dir='ltr'>schole</span> <span class='ocrx_word' id='word_1_244' title='bbox 1145 3192 1318 3245; x_wconf 81' lang='lat' dir='ltr'>concionantis</span> <span class='ocrx_word' id='word_1_245' title='bbox 1336 3192 1475 3260; x_wconf 58' lang='lat' dir='ltr'>significan</span> <span class='ocrx_word' id='word_1_246' title='bbox 1493 3183 1701 3261; x_wconf 60' lang='lat' dir='ltr'>itaque&#39;chemm</span> 
     </span>
    </p>
   </div>
   <div class='ocr_carea' id='block_1_10' title="bbox 540 3276 1702 3625">
    <p class='ocr_par' dir='ltr' id='par_1_10' title="bbox 540 3276 1702 3455">
     <span class='ocr_line' id='line_1_29' title="bbox 540 3276 1702 3369; baseline 0.001 -40"><span class='ocrx_word' id='word_1_247' title='bbox 540 3295 661 3369; x_wconf 57' lang='grc' dir='ltr'>τηραηηος</span> <span class='ocrx_word' id='word_1_248' title='bbox 684 3292 727 3345; x_wconf 57' lang='grc' dir='ltr'>καὶ</span> <span class='ocrx_word' id='word_1_249' title='bbox 749 3292 899 3366; x_wconf 48' lang='lat' dir='ltr'>ammam</span> <span class='ocrx_word' id='word_1_250' title='bbox 925 3295 1000 3344; x_wconf 55' lang='grc' dir='ltr'>τοῦτο</span> <span class='ocrx_word' id='word_1_251' title='bbox 1018 3290 1045 3344; x_wconf 67' lang='grc' dir='ltr'>δὲ</span> <span class='ocrx_word' id='word_1_252' title='bbox 1062 3291 1094 3345; x_wconf 60' lang='grc' dir='ltr'>εγ.</span> <span class='ocrx_word' id='word_1_253' title='bbox 1145 3276 1329 3346; x_wconf 88' lang='lat' dir='ltr'>quodammode</span> <span class='ocrx_word' id='word_1_254' title='bbox 1347 3279 1387 3330; x_wconf 91' lang='lat' dir='ltr'>sui</span> <span class='ocrx_word' id='word_1_255' title='bbox 1403 3278 1509 3331; x_wconf 90' lang='lat' dir='ltr'>oblitum</span> <span class='ocrx_word' id='word_1_256' title='bbox 1525 3293 1583 3332; x_wconf 88' lang='lat' dir='ltr'>esse</span> <span class='ocrx_word' id='word_1_257' title='bbox 1600 3279 1702 3348; x_wconf 84' lang='lat' dir='ltr'>Bergle-</span> 
     </span>
     <span class='ocr_line' id='line_1_30' title="bbox 541 3363 1417 3455; baseline -0.003 -22"><span class='ocrx_word' id='word_1_258' title='bbox 541 3400 603 3455; x_wconf 83' lang='grc' dir='ltr'>φηκε</span> <span class='ocrx_word' id='word_1_259' title='bbox 629 3378 669 3431; x_wconf 79' lang='grc' dir='ltr'>διὰ</span> <span class='ocrx_word' id='word_1_260' title='bbox 695 3376 724 3430; x_wconf 85' lang='grc' dir='ltr'>τὸ</span> <span class='ocrx_word' id='word_1_261' title='bbox 751 3377 795 3430; x_wconf 81' lang='grc' dir='ltr'>τὸν</span> <span class='ocrx_word' id='word_1_262' title='bbox 822 3374 931 3432; x_wconf 82' lang='grc' dir='ltr'>Κλέωνα</span> <span class='ocrx_word' id='word_1_263' title='bbox 954 3376 1094 3449; x_wconf 71' lang='grc' dir='ltr'>πολύλογον</span> <span class='ocrx_word' id='word_1_264' title='bbox 1145 3378 1189 3416; x_wconf 63' lang='grc' dir='ltr'>ΓΗΒ</span> <span class='ocrx_word' id='word_1_265' title='bbox 1206 3364 1270 3416; x_wconf 62' lang='lat' dir='ltr'>bene</span> <span class='ocrx_word' id='word_1_266' title='bbox 1288 3363 1417 3415; x_wconf 51' lang='lat' dir='ltr'>indicam·</span> 
     </span>
    </p>

    <p class='ocr_par' dir='ltr' id='par_1_11' title="bbox 540 3462 1701 3625">
     <span class='ocr_line' id='line_1_31' title="bbox 540 3462 1698 3539; baseline 0 -21"><span class='ocrx_word' id='word_1_267' title='bbox 540 3468 602 3519; x_wconf 79' lang='grc' dir='ltr'>εἶναι</span> <span class='ocrx_word' id='word_1_268' title='bbox 618 3464 729 3522; x_wconf 79' lang='grc' dir='ltr'>καὶτοῖς</span> <span class='ocrx_word' id='word_1_269' title='bbox 746 3463 829 3534; x_wconf 81' lang='grc' dir='ltr'>λόγοις</span> <span class='ocrx_word' id='word_1_270' title='bbox 846 3462 970 3526; x_wconf 80' lang='grc' dir='ltr'>ἐξαπατᾶν</span> <span class='ocrx_word' id='word_1_271' title='bbox 988 3462 1032 3516; x_wconf 85' lang='grc' dir='ltr'>τὸν</span> <span class='ocrx_word' id='word_1_272' title='bbox 1051 3462 1095 3535; x_wconf 79' lang='grc' dir='ltr'>δὴ·</span> <span class='ocrx_word' id='word_1_273' title='bbox 1196 3482 1219 3517; x_wconf 86' lang='grc' dir='ltr'>ν.</span> <span class='ocrx_word' id='word_1_274' title='bbox 1243 3464 1301 3518; x_wconf 86' lang='grc'><strong>343.</strong></span> <span class='ocrx_word' id='word_1_275' title='bbox 1345 3471 1425 3519; x_wconf 74' lang='lat' dir='ltr'>veen:</span> <span class='ocrx_word' id='word_1_276' title='bbox 1455 3466 1533 3519; x_wconf 84' lang='lat' dir='ltr'>schel.</span> <span class='ocrx_word' id='word_1_277' title='bbox 1561 3466 1657 3539; x_wconf 80' lang='grc' dir='ltr'>μελετᾷ</span> <span class='ocrx_word' id='word_1_278' title='bbox 1685 3465 1698 3518; x_wconf 84' lang='grc' dir='ltr'>ὁ</span> 
     </span>
     <span class='ocr_line' id='line_1_32' title="bbox 541 3545 1701 3625; baseline -0.001 -20"><span class='ocrx_word' id='word_1_279' title='bbox 541 3570 598 3622; x_wconf 90' lang='grc' dir='ltr'>μον.</span> <span class='ocrx_word' id='word_1_280' title='bbox 624 3549 664 3603; x_wconf 82' lang='grc' dir='ltr'>ἐπὶ</span> <span class='ocrx_word' id='word_1_281' title='bbox 676 3547 744 3601; x_wconf 79' lang='grc' dir='ltr'>δὲτὸ</span> <span class='ocrx_word' id='word_1_282' title='bbox 758 3548 819 3602; x_wconf 80' lang='grc' dir='ltr'>αὐτὸ</span> <span class='ocrx_word' id='word_1_283' title='bbox 832 3545 896 3622; x_wconf 77' lang='grc' dir='ltr'>ἦθος</span> <span class='ocrx_word' id='word_1_284' title='bbox 907 3548 1095 3620; x_wconf 81' lang='grc' dir='ltr'>κατενήνεκται,</span> <span class='ocrx_word' id='word_1_285' title='bbox 1145 3550 1222 3625; x_wconf 83' lang='grc' dir='ltr'>χορὸς</span> <span class='ocrx_word' id='word_1_286' title='bbox 1233 3552 1396 3623; x_wconf 81' lang='grc' dir='ltr'>κακουργίαν,</span> <span class='ocrx_word' id='word_1_287' title='bbox 1409 3553 1523 3624; x_wconf 82' lang='grc' dir='ltr'>φάσκων,</span> <span class='ocrx_word' id='word_1_288' title='bbox 1543 3550 1629 3623; x_wconf 79' lang='grc' dir='ltr'>ἐπειδὴ</span> <span class='ocrx_word' id='word_1_289' title='bbox 1642 3552 1701 3624; x_wconf 76' lang='grc' dir='ltr'>ὑπὲρ</span> 
     </span>
    </p>
   </div>
   <div class='ocr_carea' id='block_1_11' title="bbox 539 3630 1701 3796">
    <p class='ocr_par' dir='ltr' id='par_1_12' title="bbox 539 3630 1701 3796">
     <span class='ocr_line' id='line_1_33' title="bbox 540 3630 1701 3710; baseline -0.002 -19"><span class='ocrx_word' id='word_1_290' title='bbox 540 3637 591 3691; x_wconf 76' lang='grc' dir='ltr'>ἐπεὶ</span> <span class='ocrx_word' id='word_1_291' title='bbox 608 3634 621 3688; x_wconf 83' lang='grc' dir='ltr'>ὁ</span> <span class='ocrx_word' id='word_1_292' title='bbox 639 3632 716 3709; x_wconf 82' lang='grc' dir='ltr'>χορὸς</span> <span class='ocrx_word' id='word_1_293' title='bbox 738 3640 784 3687; x_wconf 83' lang='grc' dir='ltr'>τοῦ</span> <span class='ocrx_word' id='word_1_294' title='bbox 807 3630 927 3695; x_wconf 82' lang='grc' dir='ltr'>Κλέωνος</span> <span class='ocrx_word' id='word_1_295' title='bbox 951 3633 1094 3708; x_wconf 72' lang='grc' dir='ltr'>ἐτΰγχανεν.</span> <span class='ocrx_word' id='word_1_296' title='bbox 1145 3636 1270 3710; x_wconf 80' lang='grc' dir='ltr'>χρησίμου</span> <span class='ocrx_word' id='word_1_297' title='bbox 1288 3641 1335 3708; x_wconf 77' lang='grc' dir='ltr'>της</span> <span class='ocrx_word' id='word_1_298' title='bbox 1357 3636 1456 3696; x_wconf 82' lang='grc' dir='ltr'>πόλεως</span> <span class='ocrx_word' id='word_1_299' title='bbox 1479 3637 1566 3707; x_wconf 81' lang='grc' dir='ltr'>λέγεις,</span> <span class='ocrx_word' id='word_1_300' title='bbox 1590 3637 1701 3710; x_wconf 66' lang='lat' dir='ltr'>stuppei-</span> 
     </span>
     <span class='ocr_line' id='line_1_34' title="bbox 539 3720 1701 3796; baseline -0.002 -19"><span class='ocrx_word' id='word_1_301' title='bbox 539 3722 653 3792; x_wconf 81' lang='lat' dir='ltr'>Bergleri</span> <span class='ocrx_word' id='word_1_302' title='bbox 669 3721 916 3789; x_wconf 83' lang='lat' dir='ltr'>interpretationem:</span> <span class='ocrx_word' id='word_1_303' title='bbox 942 3720 1036 3786; x_wconf 81' lang='lat' dir='ltr'>,Quasi</span> <span class='ocrx_word' id='word_1_304' title='bbox 1053 3720 1093 3773; x_wconf 88' lang='lat' dir='ltr'>sui</span> <span class='ocrx_word' id='word_1_305' title='bbox 1145 3740 1220 3792; x_wconf 80' lang='grc' dir='ltr'>μενος</span> <span class='ocrx_word' id='word_1_306' title='bbox 1238 3721 1292 3795; x_wconf 77' lang='grc' dir='ltr'>περὶ</span> <span class='ocrx_word' id='word_1_307' title='bbox 1309 3724 1478 3796; x_wconf 81' lang='grc' dir='ltr'>τριηραρχίας,</span> <span class='ocrx_word' id='word_1_308' title='bbox 1494 3722 1597 3792; x_wconf 80' lang='grc' dir='ltr'>ἐγκλείει</span> <span class='ocrx_word' id='word_1_309' title='bbox 1616 3742 1651 3776; x_wconf 85' lang='grc' dir='ltr'>σε.</span> <span class='ocrx_word' id='word_1_310' title='bbox 1669 3750 1701 3759; x_wconf 89' lang='grc'>-</span> 
     </span>
    </p>
   </div>
   <div class='ocr_carea' id='block_1_12' title="bbox 428 3806 1701 3872">
    <p class='ocr_par' dir='ltr' id='par_1_13' title="bbox 428 3806 1701 3872">
     <span class='ocr_line' id='line_1_35' title="bbox 428 3806 1701 3872; baseline -0.002 -8"><span class='ocrx_word' id='word_1_311' title='bbox 428 3819 432 3826; x_wconf 86' lang='grc'><strong>’</strong></span> <span class='ocrx_word' id='word_1_312' title='bbox 540 3809 634 3864; x_wconf 91' lang='lat' dir='ltr'>oblitus</span> <span class='ocrx_word' id='word_1_313' title='bbox 657 3806 705 3859; x_wconf 91' lang='lat' dir='ltr'>hoe</span> <span class='ocrx_word' id='word_1_314' title='bbox 729 3806 791 3859; x_wconf 88' lang='lat' dir='ltr'>dicit</span> <span class='ocrx_word' id='word_1_315' title='bbox 813 3807 917 3872; x_wconf 80' lang='lat' dir='ltr'>ehems3</span> <span class='ocrx_word' id='word_1_316' title='bbox 943 3823 1002 3859; x_wconf 88' lang='lat' dir='ltr'>nam</span> <span class='ocrx_word' id='word_1_317' title='bbox 1030 3806 1093 3858; x_wconf 87' lang='lat' dir='ltr'>alias</span> <span class='ocrx_word' id='word_1_318' title='bbox 1144 3808 1182 3860; x_wconf 87' lang='lat' dir='ltr'>De</span> <span class='ocrx_word' id='word_1_319' title='bbox 1199 3808 1348 3859; x_wconf 87' lang='lat' dir='ltr'>trierarchia</span> <span class='ocrx_word' id='word_1_320' title='bbox 1365 3808 1465 3861; x_wconf 83' lang='lat' dir='ltr'>ridetur</span> <span class='ocrx_word' id='word_1_321' title='bbox 1488 3823 1546 3860; x_wconf 86' lang='lat' dir='ltr'>eum</span> <span class='ocrx_word' id='word_1_322' title='bbox 1565 3808 1701 3861; x_wconf 80' lang='lat' dir='ltr'>scholiasta</span> 
     </span>
    </p>
   </div>
   <div class='ocr_carea' id='block_1_13' title="bbox 537 3890 1702 4476">
    <p class='ocr_par' dir='ltr' id='par_1_14' title="bbox 537 3890 1702 4476">
     <span class='ocr_line' id='line_1_36' title="bbox 539 3890 1702 3969; baseline -0.001 -21"><span class='ocrx_word' id='word_1_323' title='bbox 539 3892 680 3969; x_wconf 82' lang='grc' dir='ltr'>φιλόδημον</span> <span class='ocrx_word' id='word_1_324' title='bbox 708 3890 826 3946; x_wconf 79' lang='lat' dir='ltr'>Cleonem</span> <span class='ocrx_word' id='word_1_325' title='bbox 852 3894 951 3962; x_wconf 79' lang='lat' dir='ltr'>putat“:</span> <span class='ocrx_word' id='word_1_326' title='bbox 985 3891 1093 3944; x_wconf 89' lang='lat' dir='ltr'>Dindor-</span> <span class='ocrx_word' id='word_1_327' title='bbox 1144 3893 1337 3961; x_wconf 85' lang='lat' dir='ltr'>intelligendum</span> <span class='ocrx_word' id='word_1_328' title='bbox 1350 3907 1415 3957; x_wconf 87' lang='lat' dir='ltr'>esse,</span> <span class='ocrx_word' id='word_1_329' title='bbox 1434 3909 1499 3961; x_wconf 89' lang='lat' dir='ltr'>quae</span> <span class='ocrx_word' id='word_1_330' title='bbox 1511 3892 1647 3947; x_wconf 89' lang='lat' dir='ltr'>ditioribus</span> <span class='ocrx_word' id='word_1_331' title='bbox 1659 3896 1702 3948; x_wconf 91' lang='lat' dir='ltr'>ob·</span> 
     </span>
     <span class='ocr_line' id='line_1_37' title="bbox 538 3979 1701 4047; baseline 0 -14"><span class='ocrx_word' id='word_1_332' title='bbox 538 3982 586 4033; x_wconf 86' lang='lat' dir='ltr'>flue</span> <span class='ocrx_word' id='word_1_333' title='bbox 615 3979 727 4046; x_wconf 85' lang='lat' dir='ltr'>ineptam</span> <span class='ocrx_word' id='word_1_334' title='bbox 753 3980 854 4032; x_wconf 78' lang='lat' dir='ltr'>vocavit</span> <span class='ocrx_word' id='word_1_335' title='bbox 879 3992 1018 4045; x_wconf 78' lang='lat' dir='ltr'>versusque</span> <span class='ocrx_word' id='word_1_336' title='bbox 1039 3991 1093 4029; x_wconf 90' lang='lat' dir='ltr'>cer·</span> <span class='ocrx_word' id='word_1_337' title='bbox 1143 3979 1269 4044; x_wconf 83' lang='lat' dir='ltr'>veniebat,</span> <span class='ocrx_word' id='word_1_338' title='bbox 1288 3979 1476 4047; x_wconf 88' lang='lat' dir='ltr'>apauperrime</span> <span class='ocrx_word' id='word_1_339' title='bbox 1488 3994 1588 4047; x_wconf 90' lang='lat' dir='ltr'>queque</span> <span class='ocrx_word' id='word_1_340' title='bbox 1604 3980 1632 4032; x_wconf 93' lang='lat' dir='ltr'>in</span> <span class='ocrx_word' id='word_1_341' title='bbox 1644 3996 1701 4033; x_wconf 89' lang='lat' dir='ltr'>con·</span> 
     </span>
     <span class='ocr_line' id='line_1_38' title="bbox 538 4061 1701 4135; baseline -0.003 -15"><span class='ocrx_word' id='word_1_342' title='bbox 538 4068 627 4135; x_wconf 89' lang='lat' dir='ltr'>ruptos</span> <span class='ocrx_word' id='word_1_343' title='bbox 645 4079 701 4117; x_wconf 88' lang='lat' dir='ltr'>esse</span> <span class='ocrx_word' id='word_1_344' title='bbox 725 4064 815 4117; x_wconf 82' lang='lat' dir='ltr'>maluit</span> <span class='ocrx_word' id='word_1_345' title='bbox 831 4064 952 4117; x_wconf 89' lang='lat' dir='ltr'>iudicare.</span> <span class='ocrx_word' id='word_1_346' title='bbox 988 4061 1095 4115; x_wconf 82' lang='lat' dir='ltr'>Constat</span> <span class='ocrx_word' id='word_1_347' title='bbox 1144 4065 1259 4117; x_wconf 89' lang='lat' dir='ltr'>cienibus</span> <span class='ocrx_word' id='word_1_348' title='bbox 1285 4064 1404 4131; x_wconf 83' lang='lat' dir='ltr'>suffragio</span> <span class='ocrx_word' id='word_1_349' title='bbox 1431 4065 1577 4117; x_wconf 89' lang='lat' dir='ltr'>constituta.</span> <span class='ocrx_word' id='word_1_350' title='bbox 1619 4066 1701 4130; x_wconf 84' lang='lat' dir='ltr'>Quare</span> 
     </span>
     <span class='ocr_line' id='line_1_39' title="bbox 538 4147 1699 4230; baseline -0.003 -25"><span class='ocrx_word' id='word_1_351' title='bbox 538 4153 643 4205; x_wconf 90' lang='lat' dir='ltr'>cherum</span> <span class='ocrx_word' id='word_1_352' title='bbox 670 4150 768 4203; x_wconf 82' lang='lat' dir='ltr'>iuuenis</span> <span class='ocrx_word' id='word_1_353' title='bbox 792 4164 883 4202; x_wconf 92' lang='lat' dir='ltr'>nemen</span> <span class='ocrx_word' id='word_1_354' title='bbox 905 4150 982 4214; x_wconf 91' lang='lat' dir='ltr'>scire,</span> <span class='ocrx_word' id='word_1_355' title='bbox 1008 4150 1093 4216; x_wconf 89' lang='lat' dir='ltr'>itaque</span> <span class='ocrx_word' id='word_1_356' title='bbox 1145 4147 1699 4230; x_wconf 65' lang='lat' dir='ltr'>chorusiurenemetiamtuunptcrpuocat¹</span> 
     </span>
     <span class='ocr_line' id='line_1_40' title="bbox 537 4230 1699 4307; baseline -0.003 -16"><span class='ocrx_word' id='word_1_357' title='bbox 537 4252 584 4307; x_wconf 90' lang='lat' dir='ltr'>pre</span> <span class='ocrx_word' id='word_1_358' title='bbox 593 4232 760 4289; x_wconf 82' lang='grc' dir='ltr'>Βδελυκλέων</span> <span class='ocrx_word' id='word_1_359' title='bbox 774 4235 866 4289; x_wconf 89' lang='lat' dir='ltr'>chorus</span> <span class='ocrx_word' id='word_1_360' title='bbox 875 4230 1094 4307; x_wconf 82' lang='grc' dir='ltr'>Δημολογοκλέων</span> <span class='ocrx_word' id='word_1_361' title='bbox 1146 4234 1214 4303; x_wconf 86' lang='lat' dir='ltr'>quod</span> <span class='ocrx_word' id='word_1_362' title='bbox 1230 4236 1318 4303; x_wconf 85' lang='lat' dir='ltr'>populi</span> <span class='ocrx_word' id='word_1_363' title='bbox 1336 4234 1464 4303; x_wconf 86' lang='lat' dir='ltr'>suffragiis</span> <span class='ocrx_word' id='word_1_364' title='bbox 1482 4234 1643 4289; x_wconf 83' lang='lat' dir='ltr'>adversarius</span> <span class='ocrx_word' id='word_1_365' title='bbox 1659 4237 1699 4299; x_wconf 88' lang='lat' dir='ltr'>sit,</span> 
     </span>
     <span class='ocr_line' id='line_1_41' title="bbox 537 4319 1698 4389; baseline -0.003 -14"><span class='ocrx_word' id='word_1_366' title='bbox 537 4336 637 4389; x_wconf 71' lang='lat' dir='ltr'>inverso</span> <span class='ocrx_word' id='word_1_367' title='bbox 664 4321 796 4374; x_wconf 90' lang='lat' dir='ltr'>notionum</span> <span class='ocrx_word' id='word_1_368' title='bbox 820 4320 915 4374; x_wconf 91' lang='lat' dir='ltr'>ordine.</span> <span class='ocrx_word' id='word_1_369' title='bbox 959 4319 1096 4388; x_wconf 82' lang='lat' dir='ltr'>Bdelyclee</span> <span class='ocrx_word' id='word_1_370' title='bbox 1146 4324 1175 4372; x_wconf 91' lang='lat' dir='ltr'>ut</span> <span class='ocrx_word' id='word_1_371' title='bbox 1193 4321 1290 4373; x_wconf 90' lang='lat' dir='ltr'>nobiles</span> <span class='ocrx_word' id='word_1_372' title='bbox 1307 4324 1333 4373; x_wconf 91' lang='lat' dir='ltr'>et</span> <span class='ocrx_word' id='word_1_373' title='bbox 1350 4320 1464 4389; x_wconf 86' lang='lat' dir='ltr'>opulenti</span> <span class='ocrx_word' id='word_1_374' title='bbox 1475 4320 1527 4373; x_wconf 86' lang='lat' dir='ltr'>tere</span> <span class='ocrx_word' id='word_1_375' title='bbox 1540 4336 1636 4374; x_wconf 92' lang='lat' dir='ltr'>omnes.</span> <span class='ocrx_word' id='word_1_376' title='bbox 1662 4320 1698 4372; x_wconf 84' lang='lat' dir='ltr'>cf.</span> 
     </span>
     <span class='ocr_line' id='line_1_42' title="bbox 538 4403 1699 4476; baseline 0 -18"><span class='ocrx_word' id='word_1_377' title='bbox 538 4420 604 4476; x_wconf 73' lang='lat' dir='ltr'>mpua</span> <span class='ocrx_word' id='word_1_378' title='bbox 621 4407 643 4459; x_wconf 87' lang='lat' dir='ltr'>is</span> <span class='ocrx_word' id='word_1_379' title='bbox 662 4411 709 4472; x_wconf 80' lang='lat' dir='ltr'>est,</span> <span class='ocrx_word' id='word_1_380' title='bbox 727 4403 910 4476; x_wconf 82' lang='lat' dir='ltr'>quiOleenem‚</span> <span class='ocrx_word' id='word_1_381' title='bbox 929 4404 1018 4475; x_wconf 90' lang='lat' dir='ltr'>populi</span> <span class='ocrx_word' id='word_1_382' title='bbox 1036 4405 1098 4458; x_wconf 85' lang='lat' dir='ltr'>ami·</span> <span class='ocrx_word' id='word_1_383' title='bbox 1148 4405 1176 4459; x_wconf 84' lang='lat' dir='ltr'>G.</span> <span class='ocrx_word' id='word_1_384' title='bbox 1199 4406 1227 4459; x_wconf 84' lang='lat' dir='ltr'>F.</span> <span class='ocrx_word' id='word_1_385' title='bbox 1255 4406 1391 4459; x_wconf 90' lang='lat' dir='ltr'>Hermann.</span> <span class='ocrx_word' id='word_1_386' title='bbox 1418 4406 1606 4461; x_wconf 87' lang='lat' dir='ltr'>Steatsalterth.</span> <span class='ocrx_word' id='word_1_387' title='bbox 1633 4405 1699 4471; x_wconf 77' lang='lat'>§70</span> 
     </span>
    </p>
   </div>
   <div class='ocr_carea' id='block_1_14' title="bbox 0 0 2246 5467">
    <p class='ocr_par' dir='ltr' id='par_1_15' title="bbox 0 0 2246 5467">
     <span class='ocr_line' id='line_1_43' title="bbox 0 0 2246 5467; baseline 0 6"><span class='ocrx_word' id='word_1_388' title='bbox 0 0 2246 5467; x_wconf 95' lang='lat' dir='ltr'> </span> 
     </span>
    </p>
   </div>
  </div>
 </body>
</html>
