4484 5467
625 625 666 692 26
850 579 853 586 Ι
1019 623 1210 677 Paotaoou.
1246 623 1358 678 GAPVT
1376 625 1388 678 I

624 798 810 878 nominatur,
832 795 879 859 bis
896 795 990 879 igitur
1012 816 1066 881 per
1080 795 1275 861 Philonidem
1296 796 1528 882 Aristophanes.
1565 798 1657 862 Vnde
1675 774 1784 884 seque

623 916 722 990 retur,
755 914 791 973 ut
818 907 959 972 Comicus
989 928 1054 971 una
1081 907 1286 972 sollemnitate
1315 907 1392 972 duas
1421 908 1540 973 fabulas
1568 910 1781 977 commisisset

625 1021 711 1100 Quod
732 1022 848 1086 laetum
869 1040 934 1085 esse
956 1018 1042 1084 nullo
1057 1018 1146 1084 modo
1167 1025 1275 1104 potest
1320 1018 1400 1083 Nam
1422 1019 1514 1105 probe
1535 1021 1710 1087 tenendum
1730 1031 1782 1104 est,

624 1134 795 1219 Vesparum
816 1138 950 1218 tempore
971 1130 1068 1196 trinos
1090 1135 1214 1195 tantum
1236 1129 1367 1214 singulis
1390 1131 1590 1198 sollemnibus
1611 1140 1722 1219 poetas
1740 1136 1783 1199 l·

625 1246 712 1330 bulas
734 1244 882 1325 do'euisse,
904 1242 987 1307 Pluti
1004 1246 1110 1306 autem
1132 1247 1278 1327 tempore,
1301 1241 1323 1306 i.
1338 1264 1364 1306 e.
1387 1242 1445 1307 sub
1462 1242 1589 1308 initium
1609 1245 1783 1311 comoediae

624 1358 758 1439 mediae,
788 1355 898 1440 quinos
920 1360 1034 1420 certam
1055 1354 1204 1439 coepisse,
1233 1353 1345 1420 demtis
1367 1354 1451 1419 ohori
1476 1354 1627 1440 partibus.
1673 1358 1782 1435 Quinis

624 1493 696 1537 vero
717 1468 905 1534 certantibus
928 1454 1025 1555 quum
1046 1490 1129 1534 unus
1151 1469 1266 1534 alterve
1288 1469 1407 1534 duabus
1434 1468 1591 1533 interdum
1611 1469 1730 1534 fabulis
1751 1470 1783 1533 in

624 1588 777 1647 oertamen
798 1583 913 1668 prodit,
937 1584 1015 1648 nihil
1038 1583 1162 1648 mirum.
1202 1582 1361 1648 Eiusmodi
1383 1587 1538 1646 certamen
1558 1580 1593 1645 in
1614 1581 1783 1647 didascalia

624 1693 661 1758 N.
684 1694 744 1758 231
769 1694 852 1779 apud
873 1695 1003 1760 Boeokh.
1026 1694 1047 1759 l.
1070 1696 1091 1760 l.
1114 1701 1223 1760 exstat.
1268 1694 1434 1775 Diodorus,
1463 1694 1636 1759 comoediae
1663 1695 1782 1760 mediae

624 1813 722 1892 poeta,
742 1821 807 1871 una
819 1808 924 1871 fabula
938 1807 1096 1889 secundas,
1115 1808 1212 1873 altera
1226 1807 1332 1871 tertias
1347 1806 1435 1886 tulit3
1458 1806 1555 1891 isque,
1578 1826 1677 1891 quum
1692 1807 1781 1889 quini

624 1918 739 1983 fuerint
759 1925 873 2004 poetae,
896 1919 945 1984 his
966 1919 1031 1984 suis
1052 1919 1165 1984 sabulis
1187 1918 1296 1983 vinisse
1317 1918 1474 2002 victorque
1489 1918 1613 1982 habitus
1635 1939 1703 1982 esse
1719 1918 1781 1983 exi-

454 2095 459 2118 ,
510 2042 512 2047 ’
624 2030 797 2095 stimandus
813 2029 882 2095 est.
926 2030 1013 2109 Quod
1039 2030 1121 2116 apud
1145 2036 1251 2116 poetas
1279 2029 1424 2114 antiquae
1452 2028 1640 2111 comoediae,
1669 2030 1780 2115 quibus

626 2142 741 2207 maiore
763 2148 912 2229 apparatu
933 2163 1008 2229 opus
1024 2147 1099 2223 erat,
1120 2141 1174 2241 qui
1199 2142 1327 2206 ohorum
1341 2161 1445 2225 rogare
1459 2140 1554 2207 ooaoti
1569 2147 1668 2224 erant,
1690 2143 1781 2208 multi

624 2254 735 2320 laboris
757 2256 911 2340 multique
926 2260 1047 2320 sumtus
1069 2275 1146 2337 rem,
1167 2253 1256 2337 loug'e
1279 2254 1368 2318 aliter
1388 2274 1422 2319 se
1442 2252 1561 2318 habuit.
1605 2254 1713 2340 Neque
1728 2255 1780 2321 ha·

624 2367 733 2433 bemus
755 2368 865 2449 ullum,
888 2372 1007 2453 praeter
1024 2367 1080 2431 hoo
1094 2372 1282 2452 corruptum,
1304 2365 1466 2447 indicium,
1487 2370 1610 2451 poetam
1629 2366 1780 2432 oomioum

627 2479 702 2544 duos
735 2481 839 2545 ohoros
863 2478 973 2542 eadem
1000 2478 1204 2543 sollemnitate
1232 2477 1412 2562 impetrasse
1438 2477 1489 2560 (of.
1511 2476 1616 2542 Meier.
1637 2477 1724 2544 Hall.
1746 2478 1779 2543 L.

628 2595 662 2658 Z.
687 2592 769 2657 1836
792 2590 836 2656 St.
863 2590 922 2655 118
945 2612 975 2680 p.
999 2589 1091 2674 323),
1119 2595 1150 2653 et
1171 2588 1199 2654 si
1221 2588 1288 2653 eius
1309 2588 1394 2654 modi
1414 2589 1489 2674 quid
1510 2589 1545 2654 in
1567 2591 1779 2673 grammatino

624 2727 695 2770 rum
712 2703 792 2768 notis
814 2724 972 2790 superesse
993 2703 1125 2781 videtur,
1148 2701 1374 2788 explodendum
1396 2708 1452 2767 est.
1496 2704 1596 2781 Quare
1618 2703 1713 2767 verbo
1734 2707 1780 2768 καὶ

625 2820 707 2884 ἐνίκα
729 2822 847 2905 πρῶτος
866 2811 1037 2903 Φιλωνίδης
1051 2817 1211 2903 Προάγωνι
1233 2822 1289 2881 aut
1303 2814 1495 2880 emendanda
1516 2820 1590 2880 sunt
1611 2815 1780 2905 seeundum

625 2929 829 2994 Boeokhium:
858 2931 913 2994 ’καὶ
946 2929 1028 2993 ἐνίκα
1056 2933 1177 3015 πρῶτος
1207 2929 1396 3013 Φιλωνίδης,
1418 2973 1508 2991 .....
1531 2928 1686 3013 babeam
1719 2935 1780 3007 aut,

624 3061 722 3124 quum
742 3062 855 3106 nomen
876 3041 1037 3127 Προάγωνι
1059 3039 1175 3104 servari
1196 3043 1339 3125 praestet,
1366 3037 1437 3119 alia,
1465 3057 1560 3121 quam
1580 3037 1689 3103 statim
1710 3040 1780 3103 alie-

625 3175 702 3235 ram,
725 3154 843 3219 ratione
865 3153 1054 3238 explicanda.
1087 3151 1169 3216 lllud
1191 3151 1275 3215 enim
1289 3150 1431 3232 Aldinae,
1454 3149 1611 3231 Brunokii,
1634 3149 1780 3214 Bekkeri:

626 3268 657 3331 ἐν
681 3274 721 3349 τηῙ
736 3264 1011 3352 πόλειὈλινμπίων
1028 3266 1099 3354 ἣνβ
1131 3266 1172 3335 εἰς
1185 3265 1318 3350 noveta:
1341 3263 1418 3327 duas
1441 3261 1622 3327 didascalias
1637 3262 1690 3325 hio
1711 3284 1781 3328 cou-

627 3378 793 3441 saroinatas
822 3399 886 3442 esse
909 3378 1004 3441 docet.
1049 3376 1155 3460 Cogito
1182 3376 1318 3461 primum
1351 3373 1501 3459 scriptum
1522 3373 1617 3437 fuisse
1639 3395 1659 3438 a
1681 3396 1781 3458 grom-

626 3490 738 3553 matioo
766 3490 841 3554 satis
863 3490 993 3554 retentis
1015 3488 1125 3553 aetatis
1147 3490 1293 3574 ἐδιδάχθη
1317 3488 1366 3552 ἐπὶ
1387 3486 1534 3573 ἄρχοντος
1553 3484 1711 3571 Ἀμεινίου
1735 3490 1781 3553 διὰ

628 3601 800 3666 Φιλωνίδου
830 3602 860 3666 ἐν
889 3601 985 3682 dores,
1011 3608 1081 3666 tum
1109 3600 1249 3665 additum
1272 3609 1314 3662 ex
1341 3619 1425 3663 more
1447 3596 1667 3663 Graeculorum
1689 3600 1721 3665 ἐν
1742 3608 1783 3685 τῇ

630 3710 677 3776 uil'
701 3710 884 3799 Ὀλυμπιάδι
907 3712 966 3778 ἔτει
983 3710 1017 3802 β.
1054 3711 1136 3776 Hinc
1151 3733 1221 3776 voro
1235 3716 1412 3795 corruptum
1434 3709 1512 3774 illud
1534 3709 1618 3774 πόλει
1633 3710 1783 3795 originem

627 3823 726 3905 duxit,
749 3824 830 3907 quod
851 3824 905 3889 ubi
919 3824 1059 3912 irrepsit,
1082 3824 1161 3888 illud
1183 3826 1212 3889 ἐν
1237 3823 1318 3888 ἄστει
1341 3821 1469 3907 expulit,
1492 3821 1573 3905 quod
1602 3822 1658 3905 qui
1679 3824 1783 3910 expel-

628 3937 714 4018 leret,
737 3957 799 4000 non
813 3936 1014 4020 intelligebat,
1037 3937 1112 4020 quid
1134 3936 1193 4000 sibi
1209 3935 1310 4000 vellet.
1329 3972 1368 3980 -
1391 3933 1622 4016 Priorisigitur
1645 3934 1783 4000 didasca-

553 4042 556 4047 ’
628 4049 688 4113 liae
709 4049 841 4112 frustula
861 4054 984 4112 tantum
1006 4048 1096 4113 haee:
1120 4048 1266 4133 ἐδιδάχθη
1279 4082 1321 4091 -
1336 4047 1367 4111 ἐν
1391 4046 1482 4111 ἄστει.
1516 4044 1690 4130 Sequentis,
1706 4068 1783 4132 quae

629 4182 712 4225 nuno
734 4160 844 4245 inoipit
865 4141 884 4233 a
903 4160 1003 4224 verbis
1026 4162 1067 4231 εἰς
1089 4162 1217 4245 Λήναια,
1239 4158 1330 4242 plura
1351 4164 1517 4243 supersunt
1538 4158 1675 4240 nomina,
1700 4159 1784 4223 deest

629 4260 741 4339 nomen
763 4272 839 4354 eius,¹
861 4272 915 4354 qui
929 4271 1078 4335 secundas
1099 4271 1182 4335 tulit.
1225 4272 1292 4335 lam
1313 4269 1551 4334 didascoliarum
1566 4270 1700 4336 duarum
1716 4293 1783 4358 spe·

628 4385 743 4451 nimina
764 4385 876 4449 habeas
897 4384 959 4446 fere
980 4383 1071 4447 haee:
1739 4399 1742 4404 ·

833 4498 857 4561 l.
1009 4493 1060 4566 Εἰς
1083 4496 1200 4580 Λήναια

826 4639 827 4642 “
900 4608 948 4679 ἐπὶ
971 4606 1117 4702 ἄρχοντος
1136 4605 1291 4699 Ἀμεινίου
