4484 5467
671 641 715 694 nn
733 641 965 699 personasve
981 643 1246 701 msrnrnvrrorus
1263 645 1299 700 ln
1317 645 1435 700 veens
1452 645 1563 701 aaran
1655 643 1697 710 43

542 812 608 877 Gur
624 833 697 878 non
725 814 866 881 Sosiam?
899 816 979 900 quod
1005 823 1126 902 praesto
1152 825 1200 884 eet
1226 824 1410 903 operamque
1438 807 1527 883 suam
1553 824 1697 904 praestat.

539 925 571 987 A
587 926 684 990 servis
706 926 810 1009 igitur,
833 926 897 993 filio
912 928 949 992 de
963 927 1126 996 ooenaoulo
1144 928 1333 1015 impellente,
1356 919 1510 997 Philocleo
1523 930 1699 1012 retrahitur,

539 1035 617 1101 dum
639 1038 752 1103 elamat
772 1060 803 1103 ν.
824 1040 905 1104 aas:

560 1151 564 1160 '
628 1201 632 1206 .
672 1152 917 1238 περνορᾷςνῦτω
942 1153 970 1239 μ’
996 1154 1042 1217 ὑπ’
1067 1153 1184 1241 ἀνδρῶν
1209 1158 1368 1243 βαρβάρων
1390 1154 1597 1241 χειρούμενον,

555 1297 571 1312 ··
672 1260 726 1333 οὓς
743 1264 808 1347 apt
829 1264 946 1339 ’δίδαξον
966 1270 1066 1331 κλάειν
1089 1267 1198 1353 τέτταρ’
1223 1268 1268 1338 εἰς
1285 1265 1340 1351 τὴν
1363 1255 1492 1353 potura

538 1372 625 1449 Quid
644 1372 755 1457 plura?
778 1375 888 1455 Senex,
910 1393 930 1442 a
952 1378 1048 1442 servis
1069 1397 1235 1463 repressus,
1257 1385 1324 1443 orat
1344 1399 1375 1442 ν.
1397 1379 1476 1442 452ε

671 1488 733 1553 ἀλλ’
758 1488 828 1560 ἄνες
852 1514 888 1575 με
909 1491 960 1554 καὶ
982 1489 1019 1554 σὺ
1041 1491 1091 1555 καὶ
1113 1489 1150 1554 σὺ
1173 1493 1239 1578 πρὶν
1262 1492 1311 1555 τὸν
1337 1491 1398 1554 υἱὸν
1422 1490 1591 1576 ἐκδραμεῖν.

537 1600 602 1663 Sed
626 1601 675 1675 διὰ
702 1599 757 1685 ἑῆς
779 1602 859 1685 ὀπῆς
887 1603 1047 1686 profugere
1067 1601 1200 1683 cogitur,
1227 1602 1408 1686 priusquam
1435 1601 1518 1666 lilius
1537 1601 1699 1687 procurrit,

537 1712 627 1796 prius
650 1712 744 1775 etiam
765 1732 860 1796 quam
881 1713 999 1792 chorus,
1022 1714 1125 1796 quiin
1144 1733 1268 1777 soonam
1289 1713 1462 1778 ascendisse
1475 1713 1699 1794 existimandus

537 1829 594 1906 em
616 1843 721 1919 seruos
744 1825 867 1907 aggredi
892 1831 1001 1909 potest.
1047 1827 1147 1901 Quare
1168 1825 1220 1889 hio
1239 1847 1270 1889 ν.
1293 1826 1372 1890 453:

666 1938 750 2001 ’ἀλλὰ
771 1938 885 2002 τούτων
902 1939 965 2023 ’μὲν
988 1937 1052 2024 τάχ’
1077 1940 1152 2023 ἡμῖν
1176 1940 1306 2002 δώσετον
1329 1940 1425 2022 καλὴν
1449 1939 1532 2023 δίκην

541 2049 662 2113 duobus
684 2049 790 2127 servis,
812 2048 966 2113 Xanthiae
989 2045 1020 2113 et
1042 2047 1147 2113 Sosiae
1167 2048 1314 2142 mineum,
1337 2050 1391 2133 qui
1412 2050 1476 2114 iam
1497 2049 1580 2132 ligno
1602 2051 1701 2118 lirmo-

545 2161 786 2245 qne-crabrones
808 2161 846 2225 ab
869 2161 995 2226 aedibus
1017 2160 1200 2246 propellunt.
1660 2157 1662 2162 ’

631 2274 771 2337 Tandem
798 2293 961 2338 unacum
991 2280 1077 2358 patro
1098 2273 1200 2357 prodit
1228 2274 1326 2352 filius,
1353 2268 1702 2359 sequuntur'indueiae,
1751 2326 1753 2328 >

542 2385 684 2470 seqnitur
705 2405 775 2469 pax.

508 2532 510 2537 =
630 2497 697 2561 llll.
739 2497 806 2562 lam
827 2517 924 2581 quum
946 2497 1006 2561 iste
1027 2495 1146 2561 ratione
1161 2496 1270 2562 Sosiae·
1286 2519 1446 2583 personum
1468 2519 1604 2566 servasse
1626 2495 1703 2565 milri

544 2610 668 2691 videar,
698 2616 837 2695 superest
863 2616 900 2673 ut
926 2628 1033 2673 versus
1053 2608 1155 2674 eidem
1176 2610 1293 2695 aliquot
1319 2612 1531 2677 restituantur.
1573 2614 1621 2678 Ae
1642 2614 1706 2699 prl-

545 2743 634 2786 murn
650 2721 785 2806 quidem
808 2720 963 2786 Xanthiae
985 2743 1026 2786 en
1041 2720 1273 2787 Sosiae'versus
1297 2724 1357 2788 142
1379 2724 1531 2810 particula
1543 2725 1707 2791 tribuenda

545 2837 597 2918 eit,
620 2834 759 2899 dubium.
804 2833 934 2916 Vtrique
948 2833 1031 2897 enim
1047 2834 1142 2898 verba
1163 2834 1366 2917 conveniunt3
1389 2837 1494 2902 ambos
1515 2857 1586 2921 ergo
1600 2839 1706 2903 eadem

545 2948 763 3034 pronuntiasse
785 2945 976 3028 crediderim,
1000 2966 1097 3028 quum
1118 2945 1154 3009 in
1174 2942 1262 3009 libris
1276 2945 1380 3011 Sosiae
1394 2949 1580 3014 tribuantur.
1624 2948 1706 3013 Tum

547 3080 621 3124 vero
642 3080 693 3124 vv.
708 3059 898 3123 ’152-155
921 3057 1025 3123 Sosiae
1048 3056 1194 3122 reddendi
1215 3063 1302 3122 sunt:
1326 3060 1381 3144 qui
1403 3059 1473 3125 solii
1494 3062 1630 3126 foramen
1652 3062 1705 3128 ob·

546 3172 652 3237 sidens
673 3171 828 3257 Xanthiee
849 3170 998 3235 eoolamat
1018 3175 1055 3233 ut
1078 3189 1134 3234 suo
1154 3190 1284 3234 munere
1305 3173 1466 3254 fungatur:
1597 3203 1599 3210 ·

799 3284 835 3348 aa
859 3284 893 3347 aa
915 3283 975 3367 (ra
992 3281 1138 3367 suppleo)
1159 3284 1214 3368 τὴν
1236 3283 1332 3369 sapa
1356 3285 1440 3349 sset.
1490 3267 1494 3274 ’

539 3398 649 3462 'Verba
672 3397 708 3461 σὺ
732 3396 775 3479 δέ,
798 3416 877 3479 qnae
898 3394 1013 3475 addidi,
1036 3394 1188 3460 hortantis
1210 3401 1284 3459 sunt
1304 3401 1340 3460 nt
1358 3417 1388 3460 ν.
1403 3397 1487 3459 457ε
1510 3398 1654 3463 ἀλλὰκαὶ
1670 3396 1707 3461 σὺ

546 3518 579 3577 et
607 3512 687 3575 459:
715 3512 766 3576 καὶ
794 3509 840 3573 οὐ.
889 3509 974 3585 Quae
1002 3513 1188 3590 sequuntur:
1211 3510 1303 3592 adpo
1330 3510 1387 3595 γὰρ
1415 3509 1533 3573 ἐνταῦθ’
1565 3508 1707 3596 ἔρχομαι,
1829 3534 1833 3543 ·

548 3624 679 3705 Sosiam,
702 3628 739 3686 ut
760 3620 884 3686 domino
906 3620 1050 3699 obediret,
1073 3618 1239 3685 accurrisse
1262 3620 1301 3684 ad
1322 3622 1459 3685 foramen
1481 3642 1581 3705 neque
1602 3626 1708 3686 tamen

546 3736 679 3823 periculi
700 3735 871 3819 quidquam
885 3734 1055 3819 repperisse
1070 3738 1162 3817 etque
1184 3733 1287 3817 ipsum
1301 3733 1407 3798 statim
1428 3733 1583 3799 Xanthiae
1605 3733 1707 3798 adfore

546 3853 688 3915 narrant.
802 3864 826 3884 -’
860 3883 863 3890 ·
1216 3889 1219 3894 -
1698 3928 1701 3937 Ι

635 3959 797 4044 Bdelyoleo
820 3965 934 4040 autem,
968 3960 1023 4024 ubi
1044 3964 1164 4045 patrem
1185 3958 1328 4043 imposito
1350 3957 1475 4023 furnarii
1498 3959 1639 4044 opereulo
1659 3980 1707 4022 re·

548 4071 737 4159 gredl'oogit,
752 4070 927 4157 paullulum
942 4072 1037 4137 finem
1052 4072 1127 4137 lesit
1138 4064 1291 4155 loquendi,
1312 4071 1414 4135 verbis
1429 4093 1458 4135 ν.
1477 4071 1553 4134 149:
1576 4072 1709 4135 ἐνταῦθα

548 4191 602 4254 νῦν
620 4188 702 4271 ζήτει
713 4186 764 4250 τιν’
783 4186 876 4272 ἄλλην
894 4188 1044 4272 μηχανήν,
1060 4184 1135 4249 setis
1146 4182 1288 4247 indicans
1302 4184 1364 4247 lore
1376 4190 1412 4248 ut
1427 4203 1519 4247 senex
1531 4183 1593 4246 alio
1606 4197 1709 4247 erum·

548 4306 614 4387 pat.
658 4289 745 4376 Quod
767 4317 852 4363 nuno
873 4298 918 4362 ed
933 4298 1060 4362 ianuam
1082 4317 1114 4360 re
1137 4305 1210 4360 vera
1232 4297 1279 4377 lit·
1299 4296 1453 4380 verbaque
1473 4317 1504 4359 ν.
1524 4290 1606 4358 Ι156ε

594 4417 598 4428 ’
756 4412 786 4475 τί
808 4411 939 4497 dpoieer‘3
964 4410 1029 4474 οὐκ·
1042 4408 1210 4494 ἐκφρήσετ’,
1235 4408 1260 4471 ὦ
1285 4411 1481 4494 propulsorem

550 4526 590 4590 ad
619 4545 722 4589 servos
750 4524 887 4606 loquitur
914 4544 968 4606 per
995 4522 1132 4585 ienuam.
1176 4521 1283 4604 ltaque
1309 4542 1416 4586 versus
1446 4521 1517 4584 158.
1543 4520 1708 4583 161.163.

553 4637 615 4702 165
644 4641 715 4721 apte
742 4641 811 4721 post
838 4634 982 4700 Beerium·
1009 4633 1180 4717 aBerglrio
1206 4633 1360 4699 Xanthiae
1387 4653 1474 4697 seruo
1494 4631 1603 4698 tributi
1623 4637 1708 4712 sunt,
