4484 5467
1018 631 1213 690 ΣΦΗΚΕΣ

691 811 749 878 εἴτ’
763 811 883 876 ἐκδῦναι
901 811 1019 895 ῥάκεσιν
1034 809 1187 894 κρυφθεὶς,
1203 808 1305 892 ὥσπερ
1329 806 1496 892 πολύμητις
1514 804 1620 873 Ὀδυσι

1013 932 1219 991 ohioKhEQN.

694 1036 790 1098 πάντα
810 1033 975 1119 πέφρακται
997 1032 1073 1097 κοδκ
1092 1031 1172 1096 ἔστιν
1192 1032 1271 1115 ὀπῆς
1294 1031 1363 1096 οὐδ’
1388 1032 1414 1095 εἰ
1432 1030 1536 1117 σέρφῳ
1554 1032 1620 1095 διαδ

693 1145 762 1211 ἀλλ’
788 1145 863 1210 ἄλλο
887 1169 914 1208 τι
936 1148 983 1209 δεῖ
1003 1150 1097 1230 ζητεῖν
1121 1146 1213 1229 ὑμᾶς·
1235 1143 1322 1207 δπέαν
1339 1142 1368 1207 δ’
1395 1143 1452 1208 οὐκ
1469 1141 1533 1207 ἔστι
1550 1142 1618 1226 γενέ

1062 1267 1183 1327 ΧΟΡΟΣ.

695 1370 845 1455 μέμνησαι
857 1367 944 1453 δῆθ’,
957 1368 1003 1433 ὅτ’
1018 1370 1066 1432 ἐπὶ
1078 1372 1215 1454 στρατιᾶς
1226 1367 1340 1452 κλέψας
1351 1367 1425 1430 ποτὲ
1436 1365 1507 1436 τοὺς
1519 1366 1620 1452 δβελίς

542 1496 593 1551 355
697 1480 750 1552 ἵεις
773 1482 881 1547 σαυτδν
903 1480 978 1545 κατὰ
1000 1484 1054 1544 τοῦ
1078 1481 1198 1566 τείχους
1219 1478 1347 1566 ταχέως,
1370 1477 1419 1542 ὅτε
1441 1476 1543 1550 Νάξος
1565 1478 1620 1542 {cil

612 1737 725 1806 Reisigio
745 1735 772 1791 6.
790 1754 815 1806 p.
837 1737 885 1791 156
903 1753 941 1807 sq.
976 1738 1014 1791 De
1032 1741 1112 1790 metro
1132 1737 1163 1789 ci.
1182 1736 1266 1789 Herm.
1285 1733 1323 1787 El.
1342 1734 1366 1787 d.
1386 1751 1419 1787 m.
1437 1752 1462 1803 p.
1482 1734 1540 1788 402.
1560 1754 1620 1783 -ι

611 1823 643 1875 R.
670 1841 697 1875 τε
715 1814 746 1896 ᾖς
763 1822 795 1876 V.
813 1822 843 1875 B.
863 1822 890 1876 6.
916 1823 942 1875 τ’
961 1816 993 1897 ᾖς
1010 1822 1069 1876 Α1ι1.
1087 1822 1153 1875 lunt.
1172 1822 1246 1875 Kust.

575 1927 598 1961 v.
611 1907 670 1962 353.
706 1907 766 1962 ἀλλ’
786 1908 849 1962 ἄλλο
866 1910 952 1978 vulgo,
970 1908 1030 1962 ἄλλ’
1050 1908 1113 1962 ἄλλο
1132 1910 1263 1963 lIanovius
1281 1907 1371 1960 Exere.
1391 1923 1425 1960 cr.
1444 1925 1470 1976 p.
1485 1907 1547 1973 12ος
1565 1924 1618 1961 non

576 2014 600 2049 ν.
615 1995 673 2051 355.
710 1993 751 2050 ὅτε
769 1995 800 2067 δὴ
819 1996 844 2066 γ’
863 1996 880 2066 ἡ
899 1996 984 2061 vulgo,
1001 2000 1061 2065 post
1077 1996 1176 2049 Invern.
1199 2012 1231 2048 ex
1253 1995 1283 2047 R.
1306 1992 1404 2067 τείχους
1421 1993 1534 2069 ταχέως,
1557 1992 1601 2050 ὅτε

591 2231 615 2267 ν.
634 2212 692 2268 351.
724 2207 872 2272 Ὀδυσσεΰςι
890 2209 929 2265 δτι
945 2209 974 2263 τὸ
993 2207 1096 2264 ilatio-
1196 2212 1257 2265 ibid.
1285 2212 1382 2284 σέρφιρι
1406 2212 1486 2266 schol.
1501 2206 1608 2283 Κράτης

541 2300 592 2354 διον
612 2298 647 2353 δι’
666 2297 804 2373 ὑδρορρόας
821 2293 937 2369 εἰσῆλθον
950 2296 974 2350 οἱ
985 2298 1041 2371 περὶ
1051 2296 1095 2350 τὸν
1147 2297 1216 2351 Gom.
1229 2298 1253 2351 11
1265 2315 1290 2367 p.
1302 2298 1352 2351 224
1370 2302 1415 2352 aut
1433 2298 1564 2351 Cratinum
1583 2314 1620 2349 au·

541 2382 671 2440 Ὀδυσσέα.
708 2386 764 2450 Qua
780 2385 823 2437 via
839 2383 928 2437 Vlixes
950 2384 1039 2436 urbem
1059 2384 1097 2436 in·
1146 2388 1223 2437 tetem
1240 2386 1433 2453 grammaticum
1451 2400 1507 2437 esse
1525 2383 1620 2447 statuit]

541 2472 648 2537 troierit,
665 2486 717 2524 non
734 2471 821 2540 liquet.
856 2469 931 2522 Hom.
950 2468 996 2521 Od.
1009 2470 1033 2533 4,
1046 2469 1096 2522 246
1147 2472 1219 2543 μτριοὶ
1237 2489 1298 2543 φησι
1315 2470 1359 2523 τὸν
1379 2472 1478 2543 σέρφον.
1506 2469 1529 2521 οἱ
1551 2468 1577 2521 δὲ
1596 2470 1620 2531 (a

541 2561 655 2610 tantum:
679 2556 771 2610 κατέδυ
789 2555 862 2610 πόλιν
885 2553 1049 2626 εδρυάγυιαν,
1071 2558 1097 2607 et
1148 2556 1310 2617 κοινωπῶδες
1339 2558 1382 2620 (ci.
1407 2557 1483 2625 Greg.
1508 2556 1566 2609 Gor.
1593 2572 1620 2625 p.

544 2644 604 2696 Eur.
631 2644 693 2697 Hec.
721 2642 784 2696 243:
813 2638 891 2714 ἦλθες
917 2636 991 2692 Ἰλίου
1021 2642 1099 2693 κατά·
1149 2642 1197 2714 ἀφ’
1222 2641 1251 2695 οὔ
1275 2644 1291 2711 ἡ
1316 2643 1451 2716 παροιμία·
1475 2642 1553 2695 ἔνεστι
1576 2642 1620 2694 και

547 2748 648 2791 σκοπος.
682 2730 797 2798 Vtroque
813 2728 869 2780 loco
886 2726 975 2780 Vlixes
992 2725 1101 2780 mendici
1149 2747 1213 2801 μηκι
1238 2729 1286 2781 κάν
1313 2729 1396 2802 σέρφῳ
1428 2728 1509 2802 χολή·
1538 2745 1619 2800 παρεγ

546 2818 631 2885 specie
648 2816 735 2870 hostes
753 2813 883 2883 decepisse
900 2812 987 2866 fertur.
1018 2812 1100 2878 Quare
1149 2814 1215 2888 μηδὲ
1231 2821 1284 2869 τῶν
1303 2821 1401 2888 μικρῶν
1419 2819 1596 2888 καταφρονεῖν.

545 2904 683 2958 scholiasta
704 2901 737 2955 ad
759 2904 874 2956 nostrum
896 2917 920 2955 ν.
938 2901 1038 2955 diversa
1054 2902 1100 2955 mi·
1149 2902 1311 2970 proverbium
1328 2902 1405 2956 schol.
1429 2903 1460 2955 n.
1479 2901 1553 2954 affert
1570 2898 1620 2953 οὐδ

545 2990 618 3054 seuit,
645 3004 723 3058 quum
749 2987 892 3041 Palladium
918 2988 950 3040 ab
973 2987 1049 3040 Vlixe
1075 2990 1100 3041 et
1150 3007 1214 3060 μηκι
1230 2986 1289 3047 ὁδός
1301 2988 1359 3054 ἐστι,
1372 2989 1421 3041 nisi
1433 2988 1571 3057 explicatio
1584 2990 1620 3041 est

547 3075 670 3129 Diomede
702 3074 793 3144 legatis
827 3074 893 3126 iurto
923 3073 1025 3142 quidem
1054 3073 1099 3127 sed
1149 3074 1200 3128 vid.
1219 3091 1260 3143 ep.
1278 3075 1357 3128 schol.
1376 3075 1423 3127 Αν,
1442 3073 1483 3127 62.
1502 3072 1562 3127 570.

546 3162 653 3215 aliorum
665 3176 713 3230 ope
731 3162 843 3214 ablatum
854 3174 911 3213 esse
923 3162 1009 3213 narret
1020 3159 1098 3214 schol.
1200 3177 1224 3214 ν.
1248 3160 1307 3214 353.
1343 3159 1431 3213 halaa:
1458 3163 1582 3228 utsupra
1601 3178 1619 3211 κ

544 3250 617 3302 ΙΙοια.
642 3247 671 3301 ll.
689 3246 713 3312 6,
735 3245 793 3300 311.
833 3245 928 3300 Nostro
945 3246 1023 3315 igitur
1044 3245 1099 3298 loco
1150 3246 1275 3304 ακαπνὸς
1286 3247 1323 3299 ita
1335 3262 1402 3300 nunc
1412 3243 1484 3304 ὀπίας
1493 3246 1526 3297 ab
1536 3244 1586 3314 δπὴ
1598 3247 1620 3309 (l

543 3333 705 3404 potissimum
713 3330 791 3385 rerba
803 3330 903 3401 ῥάκεσιν
915 3328 1035 3405 κρυφθεὶς
1048 3332 1100 3384 ani·
1150 3349 1234 3398 mann,
1251 3333 1350 3386 Lulren-
1367 3332 1407 3385 vel
1425 3331 1591 3395 Lachmann).

545 3420 699 3483 mauranus,
719 3417 810 3485 quibus
828 3417 924 3472 Comici
940 3419 1023 3472 irrisio
1040 3434 1099 3472 con·
1150 3420 1193 3471 καὶ
1210 3418 1285 3491 τυρὸν
1304 3418 1330 3471 δὲ
1348 3418 1446 3489 λέγουσι
1468 3417 1512 3470 τὸν
1531 3417 1570 3487 τῷ
1589 3416 1620 3471 da

544 3508 663 3559 tineatur.
706 3502 796 3571 Neque
821 3504 874 3558 reri
903 3507 942 3558 est
971 3503 1101 3567 dissimile,
1152 3508 1231 3573 συκῆς
1248 3504 1414 3577 πηγνὺμενον,
1433 3508 1461 3556 ut
1479 3504 1552 3557 Hom.
1571 3504 1602 3556 ll.

545 3592 656 3644 fabulam
668 3588 774 3643 alicuius
789 3591 879 3657 tragici
894 3591 1101 3658 proximeactam
1151 3591 1182 3642 de
1200 3591 1265 3643 lacte
1282 3591 1337 3644 fici:
1364 3590 1399 3649 ὡς
1418 3588 1458 3641 ὅτ’
1483 3588 1545 3647 δπὸς
1566 3590 1617 3659 poth

544 3677 694 3745 perstringi,
712 3680 753 3732 cui
771 3674 889 3749 Πτωχεέοι
908 3679 952 3728 aut
967 3671 1102 3734 Ὀδυσσεὺς
1151 3678 1197 3730 κδν
1216 3678 1375 3748 ἐπειρόμενος
1394 3674 1542 3747 συνέπηξενι
1569 3676 1602 3728 ci.

545 3762 687 3832 αὐτόμολος
705 3780 797 3818 nomen
813 3763 923 3815 inditum
946 3778 1002 3816 esse
1021 3762 1102 3829 snspi·
1152 3764 1222 3831 Gyel.
1257 3764 1313 3818 136.
1334 3760 1494 3835 -Δριμΰτητα
1528 3764 1554 3813 et
1586 3778 1617 3814 ca

545 3852 647 3915 eantur,
669 3851 701 3904 cf.
720 3849 854 3903 Graeienh.
874 3849 905 3900 ad
928 3847 1007 3902 Arist.
1031 3848 1101 3900 Poet.
1151 3851 1259 3904 hominis
1289 3852 1337 3904 hoe
1366 3850 1443 3901 verbo
1473 3846 1616 3914 significari

545 3951 570 4004 p.
591 3935 641 3989 180
658 3939 684 3989 et
701 3935 813 3990 Nitzsch.
833 3936 865 3987 ad
884 3935 956 3988 Hom.
976 3934 1099 3987 0d.1.1.
1151 3938 1248 3989 monuit
1265 3937 1331 3990 Flor.
1351 3935 1516 3987 Christianus

544 4039 570 4091 p.
589 4021 647 4075 257.
671 4050 705 4060 -
728 4023 781 4076 Iam
804 4023 827 4075 si
844 4022 980 4075 scholiasta
997 4035 1043 4089 per
1060 4035 1101 4071 ca·
1202 4040 1225 4075 r.
1245 4022 1302 4076 354.
1349 4024 1386 4074 De
1414 4016 1477 4092 δῆθ’
1505 4034 1551 4087 pro
1570 4018 1602 4090 δή

544 4108 615 4161 nales
649 4108 752 4163 Vlixem
786 4108 928 4162 Palladium
966 4106 1100 4159 intravisse
1150 4109 1218 4161 Rois.
1243 4109 1313 4162 Geni.
1337 4126 1363 4176 p.
1388 4107 1446 4159 231.
1470 4135 1504 4143 -
1524 4105 1563 4157 Ι)ο
1586 4102 1620 4158 δτι

545 4198 644 4260 censet,
663 4198 708 4249 aut
725 4196 833 4261 alveum,
850 4193 950 4257 πὺελον,
970 4192 1038 4257 dicit,
1057 4194 1101 4244 aut
1151 4196 1277 4267 μέμνησαι
1312 4195 1362 4246 vid.
1402 4193 1507 4245 Person.
1544 4191 1577 4242 ad
1610 4191 1620 4242 l

544 4282 670 4347 canalem,
697 4282 729 4336 de
754 4299 804 4352 quo
831 4297 906 4350 supra
935 4278 1042 4348 exposui
1068 4277 1100 4330 ad
1151 4280 1208 4333 112.
1232 4310 1265 4318 -
1288 4282 1325 4333 De
1349 4296 1397 4332 usu
1420 4278 1490 4331 verbi
1513 4278 1617 4349 στρατιά

544 4385 568 4420 ν.
588 4368 645 4422 126.
1150 4367 1272 4439 στρατεία,
1288 4384 1312 4418 ν.
1331 4368 1422 4434 Enger.
1440 4365 1500 4431 Lys
1519 4362 1577 4415 592.

596 4472 620 4507 v.
639 4454 697 4509 352.
723 4455 872 4527 πέφρακται.
897 4452 972 4505 Dind.
991 4451 1101 4503 scriben-
1202 4470 1224 4505 ν.
1244 4453 1301 4506 355.
1333 4448 1430 4512 Νάξοςι
1460 4450 1539 4503 schol.
1557 4450 1605 4517 τὴν

546 4542 605 4593 dum
623 4545 711 4595 censet
727 4542 868 4614 πέφαρκται
890 4543 916 4592 et
933 4539 1026 4603 Herm,
1049 4537 1100 4590 vid.
1151 4540 1312 4611 έπιτετήρηκε
1339 4537 1401 4610 πρὸς
1427 4536 1470 4588 τὸν
1496 4536 1609 4607 γέροντα.

545 4625 644 4694 Proleg.
663 4643 687 4695 p.
703 4627 752 4680 120
762 4644 799 4697 sq.
1151 4626 1197 4696 γὰρ
1221 4626 1260 4678 ἐπὶ
1284 4622 1469 4696 Πεισιστράτου.
1522 4623 1556 4674 nt
1578 4621 1619 4672 llir
