4484 5467
849 666 893 718 DE
913 665 1023 719 CHORO
1042 668 1227 741 vnSPARvn
1289 675 1300 687 '
1571 669 1610 733 81

454 820 599 907 dipodiae
619 821 788 886 trochaicae
811 826 865 884 aut
880 821 983 885 cretici
993 821 1203 907 supplentem:
1227 823 1278 907 ,ᾖ
1291 853 1317 863 -
1344 828 1369 866 ss
1383 854 1408 871 υ
1422 855 1447 866 -
1479 830 1504 863 ’-
1517 850 1543 868 ν
1556 856 1601 875 -·

454 932 503 997 De
530 934 658 1017 reliquis
687 933 796 997 horum
824 952 969 995 versuum
998 933 1264 998 emendationibus
1297 932 1378 995 infra
1405 933 1444 997 ad
1476 934 1612 1017 singulos

455 1066 736 1131 versusexponam.
770 1045 835 1109 Hoc
856 1045 929 1122 loco,
951 1046 1132 1130 priusquam
1154 1047 1192 1110 ad
1215 1046 1276 1109 alia
1297 1044 1435 1109 carmina
1455 1050 1611 1112 transeam

455 1160 573 1223 iterum
598 1158 729 1223 monitos
759 1156 851 1227 velim
878 1156 1018 1239 lectores,
1047 1165 1083 1222 ut
1110 1159 1243 1243 primam
1272 1158 1371 1239 legem
1398 1157 1548 1238 habeant,
1577 1166 1613 1224 ut

456 1272 569 1336 chorus
597 1292 689 1355 quam
717 1269 894 1353 saepissime
922 1269 1035 1334 iunctis
1064 1271 1189 1335 vocibus
1223 1270 1376 1351 cecinerit,
1410 1271 1613 1355 cecineritque

456 1382 526 1446 sine
548 1382 650 1463 dubio,
673 1381 727 1445 ubi
749 1388 883 1447 metrum
905 1382 1005 1447 varias
1027 1382 1233 1448 diverbiorum
1255 1384 1367 1447 formas
1397 1383 1530 1464 excedit,
1558 1384 1613 1449 ubi

456 1494 623 1559 intervalla
644 1500 735 1578 atque
758 1494 1009 1571 intermissiones,
1033 1494 1214 1577 solutiones,
1238 1495 1474 1577 contractiones,
1497 1495 1614 1559 similia

456 1606 638 1671 obveniunt.

544 1718 584 1783 X.
628 1718 730 1783 Finita
751 1718 872 1804 parodo,
895 1739 988 1804 quam
1011 1720 1049 1783 ad
1071 1741 1100 1784 v.
1123 1721 1184 1785 487
1209 1740 1305 1803 usque
1326 1719 1511 1805 pertinuisse
1533 1718 1613 1784 dixi·

456 1852 544 1908 mus,
574 1836 741 1895 metrorum
770 1830 999 1915 simplicitatem
1021 1832 1193 1917 conspicere
1215 1832 1304 1897 facile
1331 1838 1389 1911 est3
1423 1832 1502 1895 duae
1529 1832 1613 1895 enim

457 1941 548 2027 quasi
570 1941 727 2011 societates
749 1947 916 2005 metrorum
938 1948 1068 2023 exstant,
1091 1942 1224 2006 iambica
1246 1948 1276 2006 et
1297 1943 1460 2025 trochaica,
1483 1965 1614 2027 quarum

457 2054 540 2138 prior
583 2052 623 2116 ad
664 2073 694 2116 v.
732 2053 804 2131 272,
844 2052 891 2115 vel
929 2053 1104 2117 intermisso
1143 2060 1240 2117 metro
1280 2053 1452 2137 dactylico·
1465 2056 1615 2121 trochaico

462 2165 505 2250 (v.
528 2161 731 2249 272-289>
753 2164 793 2229 ed
814 2186 843 2228 v.
867 2165 928 2229 316
951 2166 1098 2250 portinet3
1120 2165 1216 2230 ionici
1238 2166 1362 2230 enima
1381 2167 1499 2231 minore
1521 2167 1615 2231 sceie-

457 2276 516 2340 tati
535 2276 687 2340 iambicae
701 2281 824 2361 propter
839 2276 974 2359 rhythmi
989 2276 1140 2341 rationem
1155 2277 1307 2357 adscrib03
1330 2277 1425 2341 altera
1439 2300 1520 2357 vero,
1536 2298 1614 2362 quae

456 2387 611 2453 trochaica
641 2393 703 2469 est,
730 2408 820 2452 versu
843 2388 904 2451 487
928 2388 1044 2452 finitur.
1086 2388 1154 2452 Iam
1181 2389 1320 2474 sequitur
1350 2411 1380 2453 v.
1408 2390 1470 2453 526
1499 2411 1614 2455 novum

455 2505 601 2577 metrum,
623 2498 872 2564 choriambicum.
915 2500 973 2564 Hic
995 2520 1114 2585 quoque
1137 2500 1193 2565 alii
1214 2501 1434 2587 antistrophica
1455 2524 1521 2567 esse
1543 2524 1614 2567 con-

454 2611 606 2692 tendunt,
637 2611 690 2675 alii
719 2618 842 2693 negant.
886 2612 933 2676 lta
962 2612 1098 2694 Engorus
1127 2612 1148 2676 l.
1175 2613 1197 2677 1.
1225 2636 1255 2698 p.
1280 2614 1318 2677 13
1340 2635 1371 2678 v.
1394 2614 1561 2678 ono-528
1585 2619 1616 2677 et

457 2722 652 2804 631-633,
674 2728 743 2787 tum
754 2745 783 2794 v.
797 2722 975 2787 531-536
992 2730 1023 2787 et
1038 2723 1229 2802 636-641,
1247 2725 1378 2809 denique
1390 2748 1419 2790 v.
1435 2726 1613 2790 540-545

458 2841 500 2900 et
512 2835 694 2907 644—647
718 2834 777 2899 sibi
798 2834 979 2922 respondere
1000 2834 1095 2901 iubet.
1131 2836 1165 2899 G.
1181 2835 1358 2900 Dindorfius
1380 2838 1413 2900 in
1428 2837 1614 2902 editionibus

457 2946 627 3011 Oxoniensi
649 2952 680 3010 et
701 2945 868 3010 Parisiensi
890 2944 1109 3031 antistrophica
1136 2964 1198 3009 non
1220 2946 1384 3024 indicavit,
1411 2948 1446 3011 in
1473 2948 1551 3013 libro
1578 2948 1615 3013 de

456 3060 565 3134 metris
587 3081 618 3144 p.
641 3059 703 3122 344
726 3080 754 3123 v.
777 3058 960 3122 cao-545
984 3063 1015 3121 et
1037 3057 1218 3121 631-637
1241 3057 1301 3123 sibi
1322 3058 1546 3143 respondendus
1561 3081 1615 3124 cu·

456 3172 550 3236 ravit.
595 3170 641 3233 Ex
663 3171 789 3255 reliquis
819 3171 985 3235 editoribus
1007 3190 1105 3254 nequo
1129 3170 1278 3251 Berghius
1300 3190 1398 3254 neque
1421 3170 1614 3253 Hirschigius

457 3283 751 3367 antistrophicorum
772 3283 861 3366 signa
881 3289 1058 3368 posuerunt.
1082 3282 1144 3345 cfr.
1167 3283 1202 3346 G.
1226 3281 1387 3361 Hermel.
1409 3282 1438 3346 d.
1453 3304 1494 3346 m.
1509 3304 1538 3367 p.
1551 3284 1612 3348 427

455 3416 500 3480 sq.
546 3394 643 3458 Probo
671 3394 914 3480 responsionem,
944 3392 1139 3489 quamquam
1154 3394 1338 3458 coniecturis
1366 3394 1441 3458 satis
1470 3394 1614 3459 violentis

456 3507 495 3571 ab
517 3506 637 3587 Engero
663 3512 812 3591 paratam.
856 3507 972 3569 Verum
1000 3506 1225 3570 animadvertas
1254 3506 1363 3584 velim,
1394 3506 1463 3591 plus
1491 3513 1615 3570 centum
1694 3557 1700 3571 .

455 3639 566 3682 versus
588 3617 670 3681 inter
691 3618 911 3701 antistrophica
932 3618 1070 3682 earmina
1091 3617 1287 3682 intercedere.
1332 3619 1418 3695 Quod
1447 3620 1525 3683 mihi
1548 3641 1613 3683 cer-

455 3730 616 3795 tissimum
644 3729 862 3794 documentum
890 3727 1012 3793 videtur
1041 3750 1120 3807 esse,
1152 3736 1187 3793 ut
1213 3750 1319 3793 versus
1347 3729 1402 3793 hos
1430 3736 1567 3796 cantatos
1595 3754 1614 3795 a

456 3841 549 3905 choro
571 3861 730 3918 essenon
752 3840 892 3905 recitatos
904 3840 1086 3905 existimem.
1124 3838 1298 3922 Systemata
1312 3840 1395 3904 enim
1410 3841 1614 3907 choriambica

455 3953 599 4021 versibus
620 3954 822 4038 anapaesticis
844 3954 1023 4018 intermixta
1045 3952 1211 4017 bellissime
1233 3952 1462 4017 altercationem
1477 3961 1614 4019 aetorum

455 4067 699 4150 interrumpunt.
744 4066 824 4143 Quid
836 4066 863 4131 si
885 4067 1011 4131 chorum
1032 4065 1246 4130 tantummodo
1269 4065 1328 4129 alio
1340 4071 1437 4129 metro
1451 4066 1614 4152 loquutum

454 4191 522 4243 esse
545 4175 731 4241 contendas?
754 4178 905 4254 Quorsum
927 4177 1052 4241 tandem
1075 4182 1244 4241 metrorum
1266 4182 1354 4241 tanta
1375 4178 1523 4257 varietas,
1554 4179 1615 4241 nisi

453 4291 532 4355 haec
559 4288 701 4371 recitata,
729 4289 804 4355 haec
826 4294 950 4354 cantata
972 4290 1102 4371 luerint,
1131 4290 1193 4353 nisi
1221 4290 1287 4374 ipse
1314 4295 1404 4373 poeta
1425 4290 1470 4353 ita
1491 4290 1616 4354 iusserit

454 4400 596 4467 fabulam
616 4399 738 4464 doceri?
773 4401 886 4467 Potest*
898 4406 1002 4466 antem
1023 4402 1057 4466 in
1079 4400 1229 4465 eiusmodi
1252 4401 1439 4465 carminibus
1453 4400 1614 4465 intercala-

452 4514 544 4578 ribus
566 4514 722 4597 responsio
736 4536 889 4580 =versuum
911 4515 1014 4579 minus
1037 4520 1179 4589 accurata
1200 4512 1308 4591 videri,
1331 4513 1427 4597 quod,
1451 4514 1624 4597 quominusv

453 4646 583 4692 versum
605 4624 749 4710 aliquem,
771 4628 859 4692 credo
874 4627 1029 4707 ultimum,
1053 4627 1152 4691 modis
1168 4629 1304 4693 nondum
1319 4625 1426 4703 linitis,
1449 4626 1615 4711 repetitum

1393 4731 1409 4782 6
