4484 5467
1003 658 1200 717 ΣΦΗΚΕΣ
1615 669 1678 735 323

675 834 710 898 τὰ
746 835 800 920 μὲν
834 836 871 900 οὐ
904 841 1056 923 φανερῶς,
1090 836 1153 902 ἀλλ’
1184 838 1353 924 ἐπικουρῶν
1387 839 1517 929 κρύβδην
1553 843 1679 930 ἑτέροισι

1346 956 1494 1037 ποιηταῖς,

679 1062 885 1145 μιμησάμενος
906 1063 957 1146 τὴν
981 1060 1173 1149 Εὐρυκλέους
1197 1063 1336 1148 μαντείαν
1357 1066 1407 1127 καὶ
1429 1067 1569 1139 διάνοιαν,

674 1156 714 1240 εἰς
736 1174 895 1259 ἀλλοτρίας
922 1173 1069 1260 γαστέρας
1098 1173 1184 1244 ἐνδὺς
1212 1175 1380 1260 κωμῳδικὰ
1409 1176 1509 1240 πολλὰ
1531 1177 1677 1262 χέασθαι·

677 1283 749 1367 μετὰ
771 1290 862 1348 τοῦτο
887 1288 919 1350 δὲ
943 1289 991 1350 καὶ
1014 1290 1153 1372 φανερῶς
1176 1286 1237 1371 ἤδη
1260 1288 1440 1353 κινδυνεύων
1463 1287 1536 1352 καθ’
1562 1288 1676 1365 ἑαυτόν,

678 1395 732 1459 οὐκ
754 1398 931 1483 ἀλλοτρίων,
955 1399 1019 1463 ἀλλ’
1045 1398 1162 1461 οἰκείων
1186 1397 1320 1462 Μουσῶν
1346 1398 1476 1485 σώμαθ’
1500 1402 1675 1487 ἡνιοχήσας.

675 1509 777 1592 ἀρθεὶς
804 1510 837 1573 δὲ
867 1510 960 1595 μέγας
987 1512 1036 1574 καὶ
1057 1511 1193 1596 τιμηθεὶς
1215 1512 1256 1579 ῶς
1279 1510 1376 1581 οὐδεὶς
1398 1512 1514 1575 πώποτ’
1540 1515 1571 1578 έν
1595 1515 1674 1598 ὑμῖν,

674 1619 728 1683 οὐκ
751 1620 904 1685 ἐκτελέσαι
927 1624 1016 1708 φησὶν
1039 1622 1180 1708 ἐπαρθεὶς
1208 1622 1275 1687 οὐδ’
1300 1624 1434 1707 δγκῶσαι
1461 1626 1494 1688 τδ
1524 1624 1674 1712 φρόνημα,

508 1726 581 1799 1025
673 1731 745 1795 οὐδὲ
766 1734 952 1820 παλαίστρας
966 1737 1187 1820 περικωμάζειν
1201 1740 1327 1820 πειρῶν·
1350 1735 1419 1799 οὐδ’
1437 1736 1525 1805 εἴτις
1546 1738 1675 1823 ἐραστὴς

543 1987 570 2022 ν.
585 1970 663 2024 1020.
699 1972 733 2032 είς
750 1972 776 2025 τ’
798 1990 846 2043 pro
864 1974 898 2034 εἰς
916 1975 1057 2029 Dobraeus

616 2058 679 2113 ibid.
714 2057 821 2133 χέασθαι
847 2063 933 2132 vulgo.
969 2059 1104 2137 χέσασθαι,
1124 2063 1191 2133 quod
1211 2061 1384 2131 reponendum
1403 2063 1546 2131 cogitabam
1571 2071 1676 2133 propter

581 2144 718 2216 γαστέρας,
745 2161 812 2199 nuno
840 2145 970 2199 Reiskium
996 2148 1070 2201 video
1097 2150 1268 2220 proposuisse.
1314 2147 1409 2198 Temen
1440 2151 1569 2202 severitati
1597 2153 1673 2203 huius

582 2233 717 2301 parabasis
735 2235 819 2287 minus
837 2238 964 2291 eonverut.

541 2333 568 2370 v.
584 2316 660 2371 1024.
695 2305 822 2372 ἐκτελέσαι
839 2325 986 2389 suspectum
1005 2322 1115 2385 Reiskio,
1135 2324 1161 2373 at
1173 2319 1342 2391 supplendum
1354 2321 1401 2389 τὴν
1415 2320 1520 2392 ποίησιν,
1539 2322 1585 2391 :ip
1600 2322 1674 2382 δόξαν

579 2401 623 2454 vel
640 2402 710 2471 quod
726 2404 754 2456 in
771 2404 829 2472 ipso
846 2420 921 2458 uersu
939 2408 986 2469 est,
1004 2404 1033 2457 τὸ
1053 2406 1181 2479 φρόνημα.

541 2504 569 2539 ν.
585 2485 661 2540 1025.
697 2488 799 2560 περιιὼν
817 2489 848 2542 R.
871 2489 928 2545 Ald.
950 2490 1016 2543 Iunt.
1037 2491 1112 2544 Kust.
1147 2491 1240 2564 περιὼν
1259 2492 1289 2544 V.
1312 2508 1362 2545 seo.
1382 2491 1443 2545 Gob.
1470 2495 1567 2564 παριὼν
1593 2496 1675 2548 Bentl.

504 2704 543 2754 er.
561 2704 589 2756 p.
609 2685 634 2740 3.
651 2714 685 2724 -—
711 2685 831 2759 πρότερος
852 2687 927 2741 Dind.
947 2692 1016 2741 reone
1034 2688 1067 2741 ad
1170 2691 1290 2745 ν.1020.
1330 2686 1445 2764 χέασθαι.
1473 2692 1504 2744 oi.
1529 2692 1618 2761 Bergk.
1643 2696 1675 2746 11.

505 2770 650 2827 ἀδικεῖσθαι
667 2772 827 2825 referendum
844 2788 900 2826 esse
917 2775 1023 2827 monuit.
1117 2773 1145 2828 G.
1162 2774 1186 2826 11
1203 2792 1228 2844 p.
1247 2776 1305 2830 946.

561 2878 586 2913 ν.
608 2858 681 2913 1018.
717 2858 747 2911 οδ
769 2865 897 2933 φανερῶςι
919 2861 998 2915 schol.
1021 2860 1067 2913 οιίκ
1169 2879 1192 2915 ι’.
1214 2861 1287 2916 1021.
1323 2862 1387 2931 μετὰ
1413 2866 1502 2925 τοῦτο,
1534 2880 1583 2916 non
1611 2867 1675 2933 μετὰ

506 2948 537 2999 ἐκ
562 2950 610 2999 τοῦ
633 2949 742 3018 φανεροῦ
770 2945 895 3018 ἐπικουρεῖ
922 2946 935 2998 δ
962 2948 1068 3020 ποιητὴς
1117 2952 1199 2999 ταῦτα
1230 2948 1425 3015 Aristophanem
1456 2949 1559 3001 nuribus
1595 2951 1676 3004 indul-

506 3040 562 3091 τοῖς
592 3029 696 3090 θεαταῖς
722 3031 794 3101 ὑμῖν,
821 3031 887 3085 ἀλλὰ
914 3033 947 3085 δι’
976 3035 1069 3106 ἑτέρων
1119 3024 1219 3099 geniem
1243 3035 1284 3086 hio
1308 3038 1383 3101 atque
1405 3034 1466 3085 aiibi
1490 3033 1597 3101 elegisse
1620 3054 1676 3089 sen·

506 3124 624 3193 ττοιητῶν
642 3116 741 3191 λάθρᾳ,
765 3118 848 3189 έπειδλγ
867 3119 907 3172 διά
926 3117 1068 3173 Φιλωνίδου
1120 3121 1200 3172 tentia
1218 3124 1257 3172 est
1275 3120 1381 3185 Reisigii
1399 3119 1426 3171 C.
1438 3123 1441 3128 ’
1452 3136 1475 3188 p.
1495 3120 1553 3173 221.
1572 3150 1605 3157 -
1623 3142 1675 3174 κιν-

506 3206 734 3271 (Duetalensesffl.
742 3204 783 3270 88,
796 3207 807 3258 l
820 3206 938 3258 archonte
948 3206 1069 3271 Diutimo)
1120 3205 1243 3258 δυνεθωνι
1266 3205 1345 3258 schol.
1368 3204 1407 3256 διὰ
1430 3206 1477 3277 γάρ
1494 3206 1538 3257 τὸν
1560 3206 1675 3260 κίνδυνον

506 3292 552 3345 καὶ
565 3287 761 3363 Καλλιστράτου
773 3292 939 3359 (Babylonios
953 3292 991 3345 01.
1001 3292 1068 3355 882
1119 3293 1198 3353 οὐδεὶς
1220 3288 1341 3363 θπεκρίθγ
1365 3293 1424 3349 τοὺς
1445 3289 1552 3351 Ἱππέας.
1584 3294 1675 3363 Bergk.
1703 3347 1705 3350 ,

506 3379 632 3433 archonte
673 3377 752 3430 Euole
785 3380 891 3444 ‚magnis
925 3379 1067 3446 Dionysiis3
1118 3379 1263 3448 Βε1ορ.
1285 3377 1341 3431 184.

506 3466 689 3518 Acharnenses
712 3463 751 3517 01.
775 3463 817 3528 88,
835 3463 852 3516 3
876 3464 996 3516 archonte
1017 3464 1068 3515 Eu·
1168 3461 1418 3537 v.10‘23.<o'rpi}eir:
1442 3465 1538 3540 elutus„
1554 3472 1582 3518 ni
1606 3468 1674 3519 Deru.

419 3541 422 3548 ¹
505 3553 588 3620 thyno
616 3536 736 3613 Lenaeis)
758 3547 840 3603 καθίει
862 3551 918 3603 τινὰ
940 3556 992 3602 τῶν
1011 3550 1069 3623 δρα·
1119 3551 1157 3604 01.
1185 3551 1201 3601 2
1227 3566 1252 3619 p.
1271 3550 1305 3602 20
1334 3552 1365 3602 de
1394 3551 1512 3619 Philippo
1536 3551 1602 3625 ἤρθη
1632 3556 1675 3622 μέ·

506 3639 609 3707 μάτων.
633 3641 736 3709 πρῶτον
755 3638 802 3710 γὰρ
820 3636 903 3709 δρᾶμα
922 3636 954 3689 δι’
977 3638 1067 3689 ἑαυτοῦ
1117 3656 1164 3707 γας
1182 3637 1294 3705 (Bergk).
1320 3634 1443 3708 ἐπαρθεὶς,
1463 3637 1577 3691 inflatus:
1597 3640 1676 3691 horni-

504 3721 610 3795 καθῆκε
635 3723 696 3779 τοὺς
722 3718 822 3781 Ἱππέας
849 3723 897 3787 (01.
922 3722 963 3786 88,
986 3725 1002 3776 4
1030 3742 1068 3776 ur·
1118 3739 1163 3775 nes
1191 3724 1285 3787 severi,
1315 3725 1419 3791 superbi
1445 3728 1521 3792 utque
1547 3714 1636 3779 inflati
1652 3727 1678 3778 oi

505 3812 601 3866 chonie
617 3808 746 3862 Stratooie
759 3809 884 3873 Lenaeis).
904 3810 1066 3862 eiFritzsoh.
1117 3810 1164 3867 τὰς
1193 3806 1272 3881 ὀφρῦς
1302 3810 1413 3884 αἴροντες
1440 3811 1559 3863 dicuntur
1585 3829 1599 3862 a
1625 3813 1675 3864 ile-
1781 3867 1791 3872 ,,

505 3897 581 3948 Daoi.
600 3911 627 3963 p.
640 3894 672 3947 12
686 3895 778 3947 Rankii
795 3896 838 3949 Ar.
857 3896 910 3949 vit.
927 3912 953 3965 p.
964 3896 1021 3948 230.
1035 3925 1069 3933 -
1119 3894 1214 3946 narnlro
1239 3911 1279 3963 ap.
1297 3896 1389 3950 Donat.
1412 3897 1444 3948 ad
1469 3897 1527 3950 Ter.
1547 3898 1624 3949 Andr.
1643 3899 1674 3961 11,

504 3983 611 4055 ἑτέροισι
628 3988 757 4053 ποιηταῖςτ
774 3997 820 4049 per
838 3982 901 4035 aiios
920 3985 1016 4050 poetas.
1116 3981 1141 4034 4.
1155 3980 1178 4032 3.
1206 3982 1280 4034 Mein.
1299 3982 1326 4034 G.
1345 3976 1424 4051 IV'p.
1437 3982 1483 4047 82;
1501 3988 1527 4034 et
1544 4001 1586 4051 ap.
1601 3984 1672 4036 Stob.

559 4068 683 4123 v.1019.
719 4064 890 4138 Εὐρυκλέουςι
914 4069 994 4121 sohol.
1018 4065 1067 4121 Εὐ·
1116 4067 1183 4120 Flor.
1201 4067 1288 4130 XXII,
1306 4068 1329 4121 0.
1348 4069 1381 4120 M.
1401 4068 1428 4123 0.
1446 4069 1483 4122 IV
1500 4085 1525 4136 p.
1539 4068 1596 4121 205.
1621 4070 1672 4121 Ino.
1766 4059 1768 4062 ¹

504 4154 605 4228 ρυκλῆς
623 4156 714 4224 μάντις
731 4152 764 4206 δι’
778 4154 870 4226 ἑτέρων
883 4154 973 4207 ἑαυτὸν
986 4161 1065 4225 ποιῶν
1116 4169 1156 4222 ap.
1177 4154 1267 4207 Athen.
1286 4154 1330 4219 ΙΙΙ,
1348 4154 1381 4207 35
1399 4155 1423 4209 (Ι.
1441 4179 1475 4191 -
1492 4152 1616 4224 δγκῶσαιε
1640 4155 1672 4206 of.

502 4239 662 4313 κατάδηλον.
710 4240 783 4292 Alius
814 4246 900 4293 narret
928 4242 1065 4309 Euryolem
1115 4241 1180 4293 Rau.
1195 4239 1245 4293 703
1264 4237 1448 4311 ὀγκωσόμεσθα
1469 4240 1672 4310 κάποσεμνυνού-

503 4323 708 4399 έγγαστρίμυθσν
725 4327 813 4391 fuisse,
832 4331 907 4397 atque
920 4331 990 4380 vates
1007 4328 1066 4380 inde
1116 4324 1192 4396 μεθα.

503 4412 669 4485 έγγαστρίτας
687 4416 713 4465 et
730 4409 899 4485 Εθρυκλείδας
923 4415 1008 4467 vocari
1026 4429 1066 4466 so·
1166 4414 1278 4468 ν.1025.
1297 4413 1464 4484 παλαίστραςε
1478 4411 1557 4465 schol.
1570 4411 1604 4463 δι’
1622 4409 1671 4464 Εὖ·

504 4500 567 4552 litos
585 4513 649 4552 esse.
681 4497 762 4563 Quam
776 4500 807 4552 de
824 4501 991 4568 ventriloquis
1009 4517 1065 4553 nar·
1114 4499 1196 4551 πολιν.
1227 4501 1251 4551 ἐν
1272 4496 1411 4568 Αδτσλθκῳ
1434 4498 1461 4550 δὲ
1478 4499 1583 4550 τοιαῦτά
1602 4518 1670 4570 φησι.

503 4585 631 4638 rationem
650 4586 758 4639 sonasse
775 4603 807 4639 ex
828 4589 885 4655 ipso
903 4588 960 4639 ioco
978 4592 1065 4639 nostro
1115 4587 1199 4648 (τοῦτο
1217 4585 1244 4637 δὲ
1261 4586 1304 4638 καὶ
1316 4585 1341 4636 ἐν
1355 4581 1450 4656 Εἰρήνῃ
1467 4583 1502 4651 (r.
1515 4583 1576 4647 702)
1589 4583 1671 4653 οὕτω)

504 4672 600 4723 hausit.
1114 4672 1274 4745 περιῄειτοίς
1297 4670 1451 4741 παλαίστρας
1477 4671 1670 4739 σεμνυνόμενος,

1464 4755 1516 4810 21*
