4484 5467
579 679 581 683 ,
671 634 716 687 DE
738 633 969 688 Pousouluvu
985 631 1250 688 lusuulssvulouu
1266 632 1302 686 Ill
1320 632 1438 685 vusels
1457 631 1565 685 ARIST.
1652 632 1693 698 33

536 804 657 888 egredi3
677 803 713 870 iu
733 803 804 870 aliis
825 824 914 891 porro
927 802 1040 870 fabulis
1054 805 1145 891 κωφὰ
1157 811 1281 870 tantum
1300 803 1451 891 πρόσωπα
1470 824 1546 889 opus
1560 803 1694 884 fuerunt,

537 916 726 984 cuiusmodi
746 916 875 983 comites
895 922 969 983 sunt
982 916 1127 999 Aeschyli
1149 916 1369 1003 triumphantis
1390 916 1425 981 in
1445 917 1507 980 fine
1528 915 1695 994 Bonorum,

537 1050 602 1094 non
622 1029 793 1108 choreuma
814 1030 869 1097 sed
890 1028 1183 1115 peroohoregemata.
1225 1030 1275 1094 Ab
1296 1030 1354 1095 hoo
1374 1028 1469 1112 igitur
1490 1029 1580 1094 choro
1594 1035 1695 1094 extra-

538 1141 703 1220 ordinario,
731 1142 819 1208 euius
846 1141 961 1229 plures·
978 1142 1175 1208 exhibuimus
1202 1144 1323 1220 formas,
1350 1142 1455 1228 paullo
1481 1141 1696 1216 diversusest

538 1259 623 1320 sotor
644 1253 913 1333 extraordinarius,
935 1254 1018 1320 idem
1040 1261 1166 1320 vocatus
1187 1257 1449 1342 τοιραχυρήγηρα,
1471 1259 1563 1338 atque
1585 1274 1696 1317 nomen

538 1388 633 1432 suum
653 1366 725 1433 inde
747 1366 871 1447 dumne,
892 1366 975 1451 quod
989 1387 1052 1431 uon
1066 1367 1165 1431 solum
1187 1368 1268 1456 παρὰ
1288 1372 1343 1433 τοῦ
1366 1370 1514 1453 χορηγοῦ,
1535 1365 1698 1435 sedetiam

512 1482 621 1569 ,md
642 1481 863 1567 τὸ·.χορήγηρἀ
889 1466 1052 1544 arcessitur
1080 1485 1172 1563 atque
1198 1479 1331 1544 additur.
1375 1479 1488 1543 Totum
1515 1483 1619 1542 autem
1645 1501 1697 1566 107

539 1571 670 1681 ρήγημυ
698 1592 793 1657 etiam
820 1597 943 1676 'setores
976 1590 1170 1675 eomplexum
1201 1612 1284 1670 esse,
1321 1612 1421 1679 neque
1452 1596 1577 1655 tantum
1615 1591 1697 1655 chori

538 1710 667 1790 portem
675 1708 836 1790 propterea
849 1710 984 1789 apparet,
1007 1703 1088 1787 quod
1103 1710 1243 1769 ueterum
1257 1684 1363 1768 nullus
1381 1702 1494 1767 diserte
1508 1702 1697 1774 contradicit.

539 1817 606 1903 uei,
620 1815 761 1902 publicae
782 1820 933 1901 sumptus,
956 1830 1054 1900 quem·
1069 1815 1131 1902 ipsi
1152 1816 1371 1882 Demosthenes
1391 1815 1447 1879 Ph.
1470 1815 1494 1879 Ι.
1522 1836 1552 1899 p.
1576 1815 1618 1879 50
1645 1835 1698 1899 op·

538 1929 663 2015 probriu
684 1928 752 2008 um.
781 1928 821 1994 od
842 1928 977 1994 theorica
998 1935 1124 2013 spectet,
1147 1949 1208 1994 oon
1225 1928 1270 1992 -ed
1291 1934 1407 1994 actores
1427 1926 1573 2019 singulos.
1617 1928 1699 2003 Quos

498 2107 500 2114 ,
538 2040 635 2120 alere.
654 2041 913 2123 reseratores,
935 2046 1098 2126 postquam
1119 2047 1200 2105 sorte
1221 2040 1309 2105 electi
1334 2047 1417 2122 sunt,
1439 2040 1587 2121 choragus
1609 2039 1700 2103 debe-

540 2153 594 2219 bat
622 2174 643 2216 a
663 2174 696 2217 re
717 2152 842 2239 publiea
862 2171 1087 2237 nonnunquam
1107 2152 1242 2217 adiutus.
1265 2210 1269 2215 .
1286 2153 1328 2217 Vt
1353 2152 1449 2236 igitur
1476 2158 1538 2216 tres
1558 2150 1699 2234 legitimi,

539 2286 619 2351 quos
644 2272 740 2347 voco.
761 2271 876 2331 actores
899 2265 1027 2347 >ehoragi
1054 2271 1143 2344 sunt,
1170 2264 1215 2329 ita
1236 2273 1363 2349 quartus
1385 2285 1522 2350 quoque,
1543 2269 1575 2327 et
1595 2264 1622 2327 si
1644 2263 1699 2348 qui

537 2377 624 2442 ultra
644 2378 914 2444 huno'numerum
935 2378 1143 2463 postulantum
1163 2376 1285 2460 ehoragi
1306 2382 1362 2456 est,
1384 2376 1447 2460 qui,
1470 2376 1612 2458 choragia
1632 2396 1701 2440 sus·

537 2495 768 2575 sepmpoetae
791 2490 899 2575 utique
921 2496 1043 2575 praesto
1062 2511 1128 2554 esse
1150 2488 1277 2572 cogitur.
1307 2488 1574 2577 Παραχορήγηρα
1596 2494 1702 2553 autem

537 2611 650 2686 quum
661 2623 752 2668 omne
767 2602 846 2684 illud
859 2603 988 2682 dicatur,
1011 2603 1093 2686 quod
1103 2601 1148 2667 od
1163 2601 1247 2667 o'lrori
1262 2602 1397 2665 officium
1411 2601 1545 2687 pertinet
1560 2602 1701 2685 quodque

540 2714 629 2779 chori
648 2715 741 2780 ultro·
753 2714 926 2797 legitimum
948 2715 1158 2799 usitatumque
1184 2715 1319 2778 officium
1340 2713 1473 2795 excedit3
1495 2717 1701 2802 ποραοκήνιον

540 2826 720 2911 υΙὶυάυυίἀ
735 2832 861 2912 apparet
875 2848 948 2905 esse,
966 2826 1087 2909 choragi
1099 2827 1164 2891 sive
1175 2828 1278 2911 potius
1289 2826 1376 2891 dueis
1387 2827 1601 2891 choreutarum
1615 2826 1703 2910 (nam

540 2938 600 3023 qu'i
630 2940 751 3025 pioprie
779 2940 931 3023 fohoragus
946 3017 949 3022 .
964 2940 1092 3018 dieitur,
1126 2939 1153 3004 is
1180 2946 1280 3024 potest
1307 2939 1516 3025 ἀμουσότατος
1543 2938 1622 3021 esse)
1649 2942 1704 3002 aut

540 3050 706 3117 oleoreutae
735 3051 866 3117 alieuius
899 3053 1034 3117 officium
1066 3050 1153 3116 nullo
1180 3057 1317 3137 sumptu.
1366 3050 1475 3114 Pollux
1501 3051 1522 3114 l.
1544 3050 1579 3113 l.:
1614 3050 1705 3114 ὁπότε

542 3164 606 3248 μὴν
637 3165 699 3229 ἀντὶ
724 3168 868 3252 ’,τετάρτου
896 3166 1058 3251 ὑποκριτοῦ
1087 3165 1153 3245 δέου
1178 3166 1241 3229 τινὰ
1268 3168 1328 3229 τῶν
1361 3167 1516 3249 χορευτῶν
1546 3164 1637 3227 εἰπεῖν
1672 3165 1702 3227 ἐν

540 3273 641 3363 ᾠδῇρ
659 3280 867 3363 aequandum
895 3283 1030 3343 καλεῖται
1057 3278 1091 3341 τὸ
1119 3283 1258 3364 πρᾶγμα,
1286 3280 1328 3345 ὡς
1357 3278 1388 3340 ἐν
1420 3274 1627 3360 Ἀγαμέμνονι
1655 3274 1703 3340 lll-
1794 3297 1795 3300 ¹

541 3386 669 3473 οχύλου·
687 3389 781 3472 quod
797 3389 825 3453 si
846 3409 954 3455 verum
977 3395 1023 3454 est
1045 3388 1194 3467 additum,
1217 3390 1293 3473 quid
1314 3389 1355 3453 sit
1376 3390 1592 3474 παρασκήνιον,
1614 3385 1704 3450 dubi-

539 3506 610 3565 tare
637 3504 699 3565 riou
720 3501 809 3566 lieet.
852 3502 981 3566 Etenim
1004 3488 1076 3566 inde
1103 3523 1121 3566 a
1149 3524 1239 3567 versu
1265 3502 1346 3565 1028
1376 3500 1485 3565 chorus
1506 3499 1556 3563 vel
1577 3499 1703 3562 choreu-

539 3619 647 3698 torum
679 3616 762 3679 uuus
795 3614 911 3680 alterve
940 3614 1076 3680 uicissim
1105 3636 1177 3679 oum
1205 3613 1360 3678 Casandro
1385 3613 1514 3696 loquens
1545 3611 1704 3677 histrionis

541 3724 610 3807 agit
640 3729 757 3810 portem
796 3726 905 3791 deiude
942 3727 1032 3792 eaedo
1068 3732 1190 3812 patrato
1222 3727 1308 3790 idem
1344 3747 1416 3790 eum
1451 3725 1702 3807 Clytaemnestra.

542 3837 756 3923 Παρυοκήνιον
789 3838 885 3921 igitur
917 3839 1046 3917 dieitur,
1080 3861 1180 3923 quum
1206 3838 1316 3903 chorus
1351 3838 1400 3902 vel
1429 3837 1573 3902 choreuta
1600 3837 1704 3921 quarti

541 3949 647 4013 instes
668 3950 829 4015 histrionis
855 3974 1027 4017 sermonem
1056 3952 1131 4016 lauit
1158 3972 1229 4016 oum
1261 3951 1476 4030 histrionibus;
1509 3948 1591 4033 quod
1623 3951 1705 4036 παρὰ

541 4062 599 4146 τὴν
624 4064 749 4148 σκηνήν,
770 4042 857 4128 eri-tra
879 4085 1010 4143 soonam,
1034 4064 1099 4129 sive
1121 4064 1290 4147 loquuntur
1311 4064 1376 4127 sive
1399 4068 1515 4127 canunt
1536 4063 1601 4126 sive
1623 4063 1704 4125 inter

542 4167 719 4257 oenondum
732 4175 902 4259 loquuntur
923 4177 1029 4260 (εἰπεῖν
1053 4179 1083 4241 ἐν
1108 4174 1203 4264 ᾠδῇ),
1224 4178 1430 4264 παρασκήνιυν
1453 4180 1508 4239 est.
1553 4174 1653 4238 Aliter
1668 4174 1704 4236 C.

506 4315 509 4320 ·
542 4286 595 4351 Fr.
617 4286 815 4353 Hermannus
842 4289 881 4353 de
907 4289 1122 4355 distributione
1151 4309 1351 4374 personarum
1379 4310 1410 4371 p.
1433 4287 1474 4351 39
1503 4308 1549 4371 sq.
1573 4289 1615 4350 60
1636 4308 1704 4369 sqq.

542 4398 673 4464 Beerius
689 4399 711 4463 l.
726 4400 748 4463 l.
762 4423 792 4487 p.
810 4403 847 4465 11
865 4423 930 4486 sqq.
954 4402 1005 4479 84,
1028 4402 1092 4466 alii.
1126 4401 1267 4485 Plerique
1289 4400 1374 4463 enim
1395 4399 1433 4462 de
1455 4405 1549 4463 cantu
1571 4398 1704 4482 quodam

540 4514 624 4597 poue
651 4531 775 4577 suenum
802 4517 1007 4602 παρασκήνιυν
1041 4514 1102 4579 diei
1135 4512 1339 4590 contendunt,
1371 4531 1468 4595 quum
1495 4514 1704 4598 παρασκήνιυν
1821 4559 1826 4569 .

543 4622 651 4689 omnes
666 4626 795 4691 ederes
816 4618 1071 4713 comprehendet.
1083 4648 1163 4710 quae
1185 4626 1264 4691 eirea
1285 4643 1408 4690 soonam
1430 4630 1513 4705 sunt,
1541 4645 1638 4710 quum
1665 4625 1703 4689 ab

1480 4728 1497 4783 3
