4484 5467
1729 383 1732 506 l

1728 509 1731 596 r

1729 599 1732 756 l

539 617 600 680 168
935 611 1124 666 Pueluuou.
1160 611 1271 664 CAPVT
1289 609 1323 664 lv

537 793 592 852 aut
606 786 716 852 indicis
732 785 796 850 loco
810 783 1046 849 thesmotlretam
1062 781 1195 846 alterum
1210 803 1331 866 quoquo
1347 779 1521 859 caleulum,
1538 783 1589 866 τὴν
1604 784 1683 868 σλίρρ
1730 827 1732 840 .

539 905 653 984 ψῆφον,
673 900 725 981 τὴν
752 899 873 981 λευκήν,
901 895 933 958 iu
960 894 1089 958 alteram
1111 915 1222 958 umam
1245 893 1416 968 demisisse.
1464 893 1557 969 Quod
1579 892 1684 976 qnidam

538 1030 599 1074 non
622 1008 755 1093 amplius
770 1007 911 1072 Comicus
934 1006 1025 1069 verbo
1045 1005 1175 1090 exprimi
1200 1005 1292 1086 iubet,
1316 1004 1588 1089 quomadmodum
1602 1004 1685 1070 Philo
1730 1015 1732 1024 '

537 1120 689 1200 cleonem,
716 1119 791 1183 dum
813 1117 896 1182 filius
918 1117 1053 1200 loquitur
1075 1116 1114 1180 ad
1136 1137 1247 1194 servos,
1730 1131 1731 1136 ¹

813 1227 994 1314 ἐξηπάτηται
1015 1228 1217 1293 κάπολέλυκεν
1241 1227 1300 1313 οὐχ
1321 1228 1409 1304 ἑκών,

538 1349 594 1406 aut
620 1341 720 1406 denuo
748 1339 880 1404 assidere
908 1344 963 1404 aut
990 1361 1022 1402 sc
1050 1339 1235 1404 conuertisse
1263 1338 1301 1402 ad
1331 1337 1432 1402 silium
1466 1338 1622 1424 suspicari
1647 1361 1688 1406 nor

538 1455 693 1518 debemus.
744 1453 834 1516 Patre
860 1451 955 1533 igitur
984 1471 1087 1515 eoram
1115 1451 1301 1536 adspicientc
1338 1449 1422 1513 filius
1462 1449 1604 1534 quaerit:
1634 1451 1686 1538 ptp'

540 1567 691 1651 &tapetem
720 1564 768 1648 (in
796 1561 982 1627 editionibus
1009 1563 1117 1647 puncti
1146 1563 1268 1646 signum
1298 1566 1358 1643 cst,
1389 1561 1478 1644 quod
1509 1562 1642 1648 mutavi)
1667 1583 1688 1628 τ.

541 1678 613 1742 993.
658 1675 716 1740 Cui
736 1680 824 1760 pater
845 1681 881 1739 ut
902 1674 1026 1738 festinet
1047 1674 1179 1759 imperat
1200 1672 1372 1759 quaerendo

928 1788 994 1855 πῶς
1017 1785 1068 1870 ἄρ’
1093 1787 1308 1871 ἠγωνίσμεῦα;

541 1898 646 1976 Filius,
669 1918 752 1961 nunc
772 1918 878 1960 rursus
893 1896 1113 1961 thesmothctae
1129 1916 1255 1960 munero
1270 1896 1412 1979 fungens,
1428 1917 1552 1962 urnam
1568 1897 1688 1983 priorem

541 2011 591 2075 τὸν
612 2011 712 2096 κόριον
734 2011 886 2086 καδίσκον,
907 2008 957 2071 cui
980 2007 1115 2072 calculus
1138 2007 1225 2072 albus
1248 2013 1302 2072 aut
1322 2007 1434 2092 plenus
1467 2009 1632 2075 immissus
1651 2015 1689 2084 est,

542 2122 661 2198 evertit,
685 2120 898 2204 calculumquo
920 2119 1142 2184 absolutorium
1157 2120 1245 2183 humi
1260 2119 1399 2183 ellundit.
1447 2120 1538 2186 Reus
1555 2122 1690 2186 absolutus

541 2239 596 2310 cst,
618 2233 710 2297 iudex
732 2233 919 2298 lamentatur
934 2230 1064 2314 deosque
1078 2236 1229 2316 precatur,
1253 2235 1288 2295 ut
1303 2230 1362 2294 sibi
1378 2229 1599 2321 ignoscantur.
1616 2234 1690 2298 1001:

747 2344 816 2409 ἀλλ’
843 2343 868 2405 ὦ
891 2343 1087 2427 πολυτίμητοι
1110 2343 1187 2421 deul,
1212 2342 1359 2427 ξύγγνωτέ
1384 2344 1455 2429 por!

749 2454 831 2520 ἄκων
853 2454 910 2539 γὰρ
934 2452 1002 2518 αὔτ’
1029 2453 1144 2539 ἔδρασα
1166 2453 1222 2518 κού
1245 2453 1363 2539 τούμοῦ
1387 2455 1521 2541 τρόπου.

541 2568 737 2650 Snffragium,
750 2571 900 2650 quantum
913 2564 1056 2649 equidem
1067 2565 1207 2648 colligere
1220 2586 1352 2654 possum,
1365 2567 1531 2633 occultum
1545 2570 1615 2635 fuit.
1635 2570 1690 2654 (Cir.

542 2678 650 2762 Lysias
662 2679 737 2742 κατὰ
747 2676 907 2763 Ἐρατοσῦ.
920 2698 950 2760 p.
958 2677 1031 2740 446.
1048 2677 1177 2759 Lycurg.
1189 2678 1264 2742 κατὰ
1276 2679 1392 2764 usurp
1406 2700 1440 2763 p.
1455 2680 1537 2745 239.
1546 2680 1691 2763 albuli.)

542 2788 640 2852 Filius
663 2789 755 2869 enim,
779 2788 833 2872 qui
855 2787 933 2852 nihil
956 2788 1016 2852 nisi
1039 2787 1118 2851 illud
1134 2790 1252 2854 officere
1268 2789 1361 2875 cupit,
1385 2795 1423 2853 ut
1439 2797 1537 2876 pater
1554 2791 1693 2879 aliquando,

543 2920 631 2963 reum
653 2900 800 2982 absolvat,
822 2919 946 2985 prorsus
968 2899 1089 2963 diversa
1111 2901 1229 2965 ratione
1256 2901 1302 2965 uti
1332 2900 1424 2966 debet
1449 2924 1470 2966 a
1500 2927 1592 2972 more
1618 2903 1691 2991 quoti-
1730 2903 1731 2938 ³

544 3011 650 3090 diano,
679 3019 713 3075 ut
740 3012 868 3095 triginta
894 3017 1096 3094 tyrannorum
1123 3012 1241 3077 lacinus
1270 3019 1302 3076 et
1328 3034 1449 3078 novum
1479 3023 1514 3081 et
1540 3018 1690 3084 inaudituu
1730 2997 1732 3018 ι

543 3123 612 3204 fuit,
634 3123 712 3188 Xon.
736 3123 857 3187 Hellen.
880 3124 903 3201 l,
928 3126 956 3204 7,
980 3124 1009 3186 9.
1054 3123 1160 3207 Itaque
1190 3125 1270 3209 patri
1299 3123 1388 3188 modo
1417 3126 1567 3196 alterum
1596 3131 1628 3195 in
1645 3150 1690 3194 ns·

543 3255 620 3298 num
641 3235 737 3299 tradit
757 3235 918 3312 calculum,
941 3255 977 3298 ac
997 3236 1207 3319 persuadendo
1229 3236 1380 3321 primum,
1404 3237 1531 3305 deinde
1556 3243 1622 3310 dolo
1642 3261 1692 3305 cun

544 3346 623 3428 cogit
650 3346 688 3408 ad
716 3345 814 3429 ipsius
841 3346 1003 3412 arbitrium
1032 3353 1069 3410 ut
1095 3348 1245 3413 calculum
1269 3346 1423 3411 demittat.
1474 3352 1573 3429 Quod
1595 3353 1692 3440 quiden
1730 3405 1732 3418 .

544 3457 633 3538 longe
661 3454 749 3519 aliter
776 3478 836 3520 usu
862 3458 963 3536 venit,
997 3479 1094 3542 quum
1121 3466 1249 3543 uterquc
1278 3458 1416 3523 calculus
1447 3462 1557 3563 iudici
1590 3465 1693 3531 trudibus

545 3573 601 3630 est.
644 3567 785 3649 decedit,
814 3569 895 3651 quod
922 3572 938 3632 ὁ
961 3569 1073 3655 κηρός,
1100 3571 1137 3634 de
1160 3592 1219 3655 quo
1242 3591 1335 3655 supra
1356 3571 1505 3654 egimus,
1539 3578 1694 3662 suffragium

546 3677 700 3741 occultum
721 3678 829 3743 reddit.
873 3680 1029 3745 Postremo
1051 3680 1118 3765 ipsa
1140 3682 1233 3746 verba
1255 3682 1322 3768 φέρ’
1346 3682 1511 3769 &tapetem
1538 3697 1573 3757 et
1587 3686 1692 3775 rdrdp’

519 3791 757 3874 «ἠγωνίσμεθα
785 3790 957 3855 luculenter
986 3795 1182 3872 confirmant,
1211 3794 1391 3877 suffragium
1422 3801 1596 3869 oecultum
1617 3804 1695 3868 furiose

546 3900 632 3963 Vnus
660 3907 707 3966 est
735 3901 841 3983 iudex,
870 3924 969 3967 unum
991 3906 1189 3989 suffragium,
1213 3906 1418 3972 nihilominus
1443 3910 1613 3983 Plrilocleo
1633 3918 1696 4002 putu

545 4032 577 4076 se
600 4011 776 4092 damnasse,
806 4015 969 4099 Bdelyeloo
998 4017 1055 4081 scit
1083 4038 1153 4081 eum
1183 4018 1362 4096 absolviss03
1391 4025 1513 4089 utrum
1539 4050 1647 4094 verum
1663 4025 1697 4104 sil¹

545 4123 715 4188 numeratis
743 4126 867 4192 calculis
895 4130 1093 4195 manifestum
1121 4132 1166 4193 lit.
1211 4130 1297 4208 Quod
1324 4150 1396 4194 vero
1427 4140 1529 4218 pater
1558 4147 1697 4227 putatur

545 4234 608 4300 lilio
635 4235 733 4300 invito
763 4243 793 4301 et
821 4239 922 4304 neseio
944 4241 1096 4306 calculum
1118 4241 1345 4306 damnatorium
1368 4241 1557 4332 demisisse,
1580 4274 1634 4339 pro
1653 4269 1697 4315 ccr-

544 4346 664 4410 tissimo
691 4348 769 4411 mihi
798 4356 844 4413 est
871 4358 1066 4434 argumente,
1096 4358 1127 4417 et
1153 4354 1332 4437 suffragium
1361 4357 1534 4428 occultum
1571 4365 1697 4431 suissed

545 4459 637 4524 huius
659 4460 705 4524 rei
726 4461 944 4528 documentum
967 4464 1117 4548 optimum
1141 4486 1205 4530 osse
1227 4468 1327 4551 ipsam
1350 4466 1434 4533 hanc
1467 4494 1609 4543 eausam
1636 4472 1696 4542 eani-

545 4589 626 4652 nam,
650 4572 687 4635 do
709 4576 881 4657 quamodo
904 4576 1031 4658 egimus.
