4484 5467
989 589 1185 695 renknr

662 813 724 896 ἐγὼ
745 813 802 899 γὰρ
826 814 1021 899 ἀπεδάκρυσα
1044 817 1095 877 νδν
1116 816 1239 899 γνώμην
1260 815 1335 900 ἐμὴν

664 924 752 989 οὐδέν
774 924 845 989 ποτ’
870 926 934 990 ἀλλ’
958 927 978 1010 ἢ
1001 932 1057 1010 τῆς
1079 931 1180 1011 φακῆς
1202 927 1401 1013 ἐμπλήμενος.

969 1052 1207 1111 ΒΔΕΛΥΚΛΕΩΝ.

666 1150 777 1217 οὔκουν
801 1152 966 1238 ἀποφεύγει
988 1154 1083 1237 δῆτας

983 1276 1191 1335 ΦΙΛΟΚΛΕΩΝ.

1074 1379 1209 1463 χαλεπδν
1232 1378 1348 1441 εἰδέναι.

969 1501 1206 1559 ΒΔΕΛΥΚΛΕΩΝ.

662 1602 706 1665 ἴδ’
732 1601 758 1663 ὦ
781 1577 944 1687 πατρίδιον,
967 1603 1015 1665 ἐπὶ
1035 1603 1072 1667 τά
1095 1601 1203 1689 βελτίω
1225 1601 1345 1688 τρέπου.

662 1716 744 1799 τηνδὶ
766 1715 867 1802 λαβὼν
891 1714 945 1798 τὴν
970 1718 1072 1800 ψῆφον
1096 1715 1144 1777 ἐπὶ
1166 1716 1216 1778 τδν
1240 1715 1363 1800 ὕστερον

664 1827 760 1913 μύσας
782 1828 917 1912 παρᾷξον
939 1825 1112 1891 κάπόλυσον
1138 1826 1163 1887 ὦ
1185 1829 1286 1912 πάτερ.

981 1950 1190 2009 ΦΙΛΟΚΛΕΩΝ.

662 2052 697 2115 οδ
721 2054 814 2137 δῆτα·
836 2052 997 2138 κιθαρίζειν
1020 2052 1076 2137 γὰρ
1100 2050 1156 2115 οδκ
1178 2051 1349 2136 ἐπίσταμαι.

965 2174 1203 2233 ΒΔΕΛΥΚΛΕΩΝ.

495 2296 552 2350 990
660 2277 733 2364 φέρε
754 2277 805 2343 νύν
830 2296 864 2342 σε
885 2278 953 2361 τῃδὶ
974 2278 1026 2361 τὴν
1047 2276 1189 2362 ταχίστην
1212 2277 1354 2361 περιάγω.

532 2580 561 2616 v.
576 2559 637 2615 983.
673 2560 832 2634 ἀπεδάκρυσα
855 2560 886 2613 R.
905 2560 937 2614 V.
955 2560 1040 2629 vulgo.
1065 2558 1223 2632 ἐπεδάκρυσε
1240 2559 1353 2625 Hirsch.‚
1375 2576 1425 2614 non
1447 2560 1569 2630 probatus
1591 2560 1619 2615 G.
1637 2560 1665 2614 B.

572 2649 734 2713 Hermanno,
752 2664 832 2717 neque
850 2646 964 2700 subsidio
982 2652 1021 2700 est
1039 2662 1113 2714 quem
1132 2646 1205 2699 affert
1227 2664 1251 2701 v.
1275 2646 1339 2711 882,
1363 2664 1443 2717 neque
1460 2653 1545 2717 petest
1562 2650 1667 2703 verbum

575 2736 616 2788 ita
632 2739 690 2787 enm
707 2735 852 2789 accusative
869 2734 938 2802 peni.

536 2837 565 2874 v.
578 2818 653 2873 982.Δ
674 2818 705 2871 τὸ
724 2818 808 2891 ῥοφεῖν
827 2818 858 2872 R.
871 2816 900 2869 0.
913 2812 940 2871 F.
959 2815 1072 2869 defendit
1083 2816 1189 2871 Porsen.
1207 2820 1303 2888 recepit
1314 2820 1440 2890 Hirschig.
1452 2822 1543 2891 Bergk.
1557 2823 1667 2878 Brunck.

575 2905 633 2959 Inv.
650 2904 729 2958 Bekk.
747 2904 823 2957 Dind.
842 2902 917 2957 Both.
940 2902 1071 2977 πδρρορεῑν
1091 2905 1154 2959 Ven.
1177 2921 1227 2958 see.
1247 2905 1309 2960 Cob.
1332 2926 1360 2977 γε
1374 2907 1403 2958 τὸ
1422 2906 1506 2979 ρορεῖν
1525 2910 1667 2963 Α1ι1.1υοῑ.

574 2993 655 3047 Kust.
690 2992 737 3056 „In
754 2991 862 3044 Dawesii
880 2990 961 3055 (Mise.
979 3006 1005 3059 p.
1026 2990 1085 3055 160)
1107 2992 1234 3045 sententia
1257 2991 1288 3044 de
1310 2993 1335 3045 vi
1352 2993 1457 3045 metrica
1479 2999 1524 3046 τοῦ
1543 3014 1557 3066 ρ
1578 2997 1669 3065 persti-

575 3080 640 3132 tisse
657 3079 799 3131 Perennem
816 3076 894 3137 tradit
911 3076 1020 3129 Kiddius
1039 3077 1072 3130 ad
1089 3077 1158 3132 Dan.
1176 3095 1201 3148 p.
1219 3078 1295 3133 283.“
1330 3079 1407 3132 Dobr.
1426 3080 1452 3132 in
1469 3081 1599 3135 addendis.

537 3202 565 3237 v.
579 3183 640 3237 984.
676 3180 747 3235 οδδέν
765 3182 827 3235 ποτέ
843 3180 867 3252 γ’
889 3179 948 3234 ἀλλ’
969 3181 1001 3235 R.
1020 3181 1051 3235 V.
1069 3177 1099 3236 Β.
1119 3181 1147 3234 0.
1166 3177 1193 3236 Γ.
1211 3178 1239 3237 Δ.
1257 3182 1335 3235 Bekk.
1354 3182 1425 3235 οὐδέν
1442 3182 1500 3235 ποτ’
1521 3184 1574 3237 Ιιιν.
1592 3185 1668 3237 Dind.

576 3268 667 3321 Elmsl.
690 3268 951 3322 Aeh.127.Hirech.
975 3267 1068 3336 Bergk.
1092 3269 1123 3321 B.
1146 3284 1196 3321 see.
1219 3269 1294 3323 Dind.
1330 3269 1449 3323 οδδέποτέ
1470 3271 1497 3341 γ’
1522 3271 1580 3326 Ald.
1603 3272 1669 3325 lunt.

577 3355 655 3408 Knst.
674 3353 722 3407 οδκ
740 3354 773 3407 άν
788 3355 849 3408 ποτέ
866 3354 894 3425 γ’
920 3353 1029 3408 anek.
1048 3353 1120 3407 οδδέν
1138 3355 1196 3407 ποτ’
1225 3355 1245 3408 ε1
1268 3356 1305 3428 μὴ
1323 3356 1463 3421 Hebraeus,
1480 3358 1548 3426 quod
1564 3356 1670 3426 perinde

578 3444 628 3495 eet.
647 3470 681 3479 -
698 3442 736 3494 lb.
754 3440 916 3511 ἐμπλήμενος
933 3440 965 3492 R.
984 3440 1015 3494 V.
1038 3441 1092 3495 Inv.
1111 3441 1190 3494 Bekk.
1209 3441 1283 3494 Beth.
1305 3441 1380 3495 Dind.
1398 3444 1498 3497 Hirsch.
1516 3444 1607 3513 Bergk.
1626 3444 1670 3513 ἐμ-

581 3527 761 3601 πεπλησμένος
773 3526 801 3579 0.
819 3526 994 3599 πεπλησμένας
1006 3526 1064 3581 ΑΙδ.
1077 3528 1143 3582 Iuni.
1155 3529 1230 3583 Kust.
1239 3528 1350 3583 anek.
1378 3530 1447 3583 Infra
1456 3545 1555 3599 queque
1567 3548 1590 3583 κ.
1605 3528 1671 3583 1127

580 3615 747 3669 scribendum
767 3613 944 3687 ἐμπλήμενος,
963 3629 1041 3681 quum
1059 3613 1140 3667 altera
1157 3615 1238 3667 ferma
1255 3616 1350 3669 Noster
1366 3632 1490 3684 nusquam
1508 3632 1569 3669 usus
1582 3618 1624 3671 sit.

544 3730 570 3766 r.
585 3710 645 3765 985.
681 3708 814 3783 ἀπορεδγρ
830 3708 914 3777 vulgo,
932 3708 1066 3781 ἀποφεύγει
1078 3726 1110 3762 ex
1121 3706 1153 3764 B.
1166 3710 1193 3764 (λ
1207 3712 1318 3765 correxit
1329 3711 1448 3777 Brunek.,
1465 3712 1533 3765 idem
1545 3713 1671 3766 Reiskius.

545 3817 571 3854 κ.
586 3797 646 3852 990.
681 3795 739 3871 τρδὶ
755 3796 788 3849 B.
806 3796 838 3850 V.
870 3794 915 3848 sed
941 3795 988 3868 τὴν
1006 3795 1029 3849 δὶ
1055 3796 1087 3850 V.
1105 3812 1156 3851 sec.
1175 3797 1237 3851 Ceb.
1257 3798 1330 3871 τηνδὶ
1346 3800 1430 3868 vulgo.
1450 3798 1507 3872 τῃδὶ
1524 3800 1577 3853 Ιον.
1595 3800 1674 3853 Bekk.

579 3884 656 3939 Dind.
674 3883 775 3937 Hireeh.
793 3882 886 3952 Bergk.

563 4144 589 4184 ν.
601 4126 661 4183 983.
691 4123 868 4197 ἀπεδάκρυσαε
886 4124 965 4180 schel.
982 4124 1069 4179 καινάν
1170 4125 1265 4181 κ.984.
1295 4127 1468 4199 ἐμπλήμενοςε
1494 4143 1585 4197 nempe
1600 4130 1675 4182 mise·

506 4236 536 4269 τι
554 4211 647 4269 παθὼν
667 4212 681 4266 δ
697 4210 838 4286 πρεσβδτης
850 4211 893 4264 καὶ
904 4210 1071 4285 ἐπιδακρὺσας
1118 4211 1199 4265 ricors
1216 4217 1304 4266 venter
1320 4213 1418 4283 plenus.

507 4308 565 4355 τῶν
587 4300 686 4355 παίδων
702 4294 828 4370 Ιὀδυρμῷ,
855 4297 961 4350 αἰτιᾶται
983 4296 1019 4357 ὡς
1042 4298 1071 4350 ἐκ
1171 4316 1195 4353 v.
1218 4298 1276 4353 987.
1317 4301 1502 4373 ψῆφονετὴν
1519 4300 1674 4373 τετρυπημέ·
1726 4320 1728 4324 ’

508 4393 560 4459 τῆς
587 4392 673 4461 φακῆς
698 4390 775 4437 τοῦτο
803 4380 937 4443 πεπονθὼς
960 4384 1003 4436 καὶ
1024 4383 1071 4436 αὐκ
1119 4403 1167 4457 νην
1185 4384 1224 4437 vel
1241 4386 1288 4455 τὴν
1305 4387 1532 4449 καταδικάζουσαν.
1563 4388 1595 4439 ei.
1614 4386 1675 4437 Pre-

510 4473 539 4535 ἐξ
557 4473 620 4533 ἰδίας
631 4473 806 4546 προαιρέσεως.
820 4500 853 4508 -
865 4469 1070 4541 ἀπεδάκρυσαε
1120 4470 1168 4538 leg.
1191 4488 1216 4539 p.
1236 4472 1285 4525 154
1297 4488 1334 4541 sq.
1352 4502 1386 4510 -
1403 4473 1437 4526 ib.
1455 4472 1494 4525 ἐπὶ
1511 4472 1554 4523 τὸν
1573 4470 1673 4539 ὕστερον

511 4559 632 4631 δακρδων
662 4557 799 4622 ἀπώλεσα,
828 4558 926 4609 scilieet
954 4556 995 4609 διὰ
1023 4559 1070 4627 τὴν
1120 4558 1174 4610 scil.
1192 4558 1319 4620 καδίσκον,
1333 4559 1431 4626 Proleg.
1443 4576 1468 4626 p.
1481 4559 1536 4610 130.
1550 4559 1604 4611 151.
1618 4558 1673 4611 167.

513 4644 663 4717 θερμασίαν,
681 4645 763 4697 nteit
781 4644 859 4696 schol.
1171 4660 1195 4697 r.
1213 4644 1271 4697 989.
1306 4641 1451 4715 κιθαρίζεενκ
1479 4660 1570 4713 nempe
1592 4645 1675 4698 dieere
