4484 5467
854 604 1028 661 DE'GHORO
1041 604 1231 661 'VESPARVH
1585 609 1626 676 53

465 780 566 843 larem
583 776 844 863 'captare‘potuit
920 783 1028 864 tquam
1050 778 1166 864 priores
1187 777 1371 845 ceciderunt
1414 781 1524 864 Quare,
1546 784 1627 867 quod

464 889 738 956 Dicaearchusin
753 909 871 974 argum.
894 892 971 956 Rau.
995 897 1123 974 narrat,
1138 891 1274 956 fabulam
1295 892 1453 958 Ranarrnn
1474 897 1539 957 tam
1561 894 1626 959 exi·
1660 958 1663 961 ,

464 1003 530 1067 mie
551 1000 703 1088 placuisse
724 1002 852 1088 popule,
881 1004 1178 1069 ut-ccmmitteretur
1199 1004 1328 1086 iterum,
1355 1004 1389 1067 id
1411 1025 1472 1069 non
1495 1006 1626 1071 dixerim

464 1113 660 1180 referendum
686 1134 757 1179 esse
773 1111 813 1179 ad
834 1110 971 1200 proxime
1003 1114 1161 1201 sequentis
1182 1116 1256 1180 anni
1284 1115 1543 1200 commissionem,
1572 1119 1626 1184 sed

464 1227 505 1291 ad
527 1226 605 1312 ipsa,
626 1226 740 1312 quibus
762 1232 831 1291 acta
852 1231 899 1303 est
919 1226 1032 1310 fabula,
1061 1219 1232 1310 sollemnia,
1260 1228 1306 1293 ita
1326 1236 1363 1294 ut
1383 1234 1438 1294 aut
1458 1250 1476 1292 e
1496 1231 1625 1314 vestigio

464 1343 655 1426 repeteretur
677 1338 865 1421 commissio,
896 1338 977 1425 qued
1005 1346 1128 1424 propter
1148 1346 1252 1425 poetas
1279 1334 1431 1407 dertantas
1453 1341 1557 1407 minus
1579 1348 1626 1407 est

463 1457 715 1534 consentaneum,
737 1449 793 1516 aut
814 1450 864 1516 die
885 1451 1023 1537 proximo
1036 1451 1131 1516 fieret
1169 1451 1321 1537 Populum
1342 1451 1438 1535 igitur
1453 1453 1625 1520 Athenien-

464 1565 548 1630 sium
576 1563 786 1629 mutationem
819 1563 902 1629 chori
934 1557 1046 1646 talem,
1080 1564 1204 1648 qualem
1232 1564 1430 1630 Hermannus
1456 1568 1628 1653 preposuit·

464 1678 563 1762 aeque
585 1674 689 1743 animo
709 1676 832 1758 tulisse,
854 1675 924 1761 quis
945 1669 1068 1740 credat?
1111 1675 1239 1740 Accedit
1259 1676 1305 1756 id,
1328 1678 1409 1763 quod
1430 1679 1624 1764 potissimum

463 1787 679 1869 immutabilis:
704 1788 918 1853 chereutarum
949 1787 1072 1852 numeri
1109 1783 1326 1870 argumentum
1359 1790 1500 1855 dixerim.
1555 1792 1625 1857 Non

464 1902 551 1967 enim
567 1901 612 1966 -de
626 1899 793 1965 :ordinibus
815 1898 1028 1965 chereutarum
1052 1898 1242 1982 certissimis,
1266 1900 1340 1966 dum
1363 1902 1547 1968 orchestram
1570 1904 1624 1969 ad-

464 2019 566 2096 eunt,
580 2012 657 2078 dum
677 2013 742 2078 loce
764 2016 851 2078 sueto
872 2012 1062 2095 etlegitimc
1086 2012 1274 2091 consistunt,
1296 2013 1371 2078 dum
1393 2016 1530 2080 carmina
1551 2038 1624 2082 can-

466 2132 535 2191 tant
545 2125 733 2210 saltantque,
750 2122 918 2209 quidquam
929 2124 1078 2208 ,cogitavit
1092 2123 1300 2205 Hermannus,
1319 2146 1419 2210 neque
1432 2128 1525 2209 idem,
1548 2149 1623 2214 qua-

464 2239 526 2305 lem
549 2238 681 2325 chorus,
702 2234 987 2301 demtisohcreutis
1009 2242 1167 2321 quattuor,
1197 2239 1325 2301 sormam
1347 2240 1490 2323 praebere
1512 2246 1623 2326 posset,

463 2349 525 2416 sibi
539 2349 641 2414 finxit
678 2347 793 2413 Contra
813 2348 862 2413 sat
877 2348 984 2414 multis
999 2349 1268 2438 grammaticorum
1282 2350 1467 2415 testimoniis
1482 2351 1622 2434 nitimur,

462 2462 578 2548 quibus
611 2460 950 2543 numerumiugorum
983 2466 1075 2546 atque
1106 2461 1251 2526 ordinum
1282 2468 1459 2527 constanter
1491 2464 1622 2529 eundem

462 2574 561 2641 fuisse
582 2571 816 2653 contendamus3
837 2572 969 2638 nitimur
989 2572 1056 2659 ipso
1078 2594 1198 2660 quoque
1220 2574 1350 2657 comico,
1373 2576 1427 2659 qui
1448 2576 1482 2641 in
1502 2576 1622 2642 Avibus

462 2692 611 2773 quattuor
632 2691 663 2750 et
683 2684 796 2767 viginti
818 2683 1041 2769 chereutarum,
1063 2685 1208 2751 videlicet
1229 2685 1334 2751 avium
1356 2688 1482 2753 nemina
1496 2710 1621 2774 percen-

462 2799 540 2865 suit.
584 2799 683 2875 Quam
710 2798 907 2863 vehementer
939 2818 1009 2881 ergo
1042 2797 1184 2863 derisisse
1216 2805 1337 2883 poetam
1354 2807 1425 2865 -aut
1456 2799 1621 2886 explosisse

463 2912 631 2995 choragum
653 2912 796 2996 putemus
818 2915 1014 2995 spectatores,
1036 2910 1091 2986 ubi
1113 2910 1239 2974 chorum
1260 2911 1370 2977 misere
1392 2912 1527 2977 lacemm
1549 2899 1620 2978 con-

462 3023 628 3111 spexerint.
648 3021 839 3107 turbatisque
867 3022 1026 3087 ordinibus
1057 3022 1530 3110 progredientemispectatores
1557 3027 1619 3104 isti,

462 3121 596 3223 quorum
616 3133 869 3200 nestomaohum
890 3140 1034 3213 moveret,
1057 3134 1151 3199 etiam
1174 3134 1314 3201 Comicus
1335 3143 1438 3202 noster
1459 3138 1621 3213 verebatur

462 3257 495 3315 et
516 3249 653 3333 rogabat,
675 3252 713 3311 ut
733 3268 771 3311 ex
793 3245 910 3332 aliquot
927 3245 998 3312 'eius
1019 3245 1219 3333 parabasibus
1240 3248 1370 3333 aliisque
1385 3248 1561 3314 fabularum
1575 3250 1628 3313 lo·-

461 3364 507 3430 cis
528 3361 725 3448 perspicuum
745 3366 802 3424 est.
1069 3379 1072 3383 “

550 3474 590 3538 ll.
626 3471 719 3537 Pueri
739 3470 836 3555 igitur
856 3469 915 3535 isti,
931 3470 1150 3557 praelucentes,
1172 3492 1269 3557 quum
1297 3472 1336 3536 de
1355 3486 1486 3537 'numero
1508 3473 1621 3556 viginti

462 3592 610 3674 quattuor
631 3585 848 3651 chereutarum
870 3604 935 3662 esse
956 3583 1174 3668 nonpossint,
1203 3584 1365 3650 choreutae
1386 3585 1484 3649 nihilo
1506 3586 1620 3666 minus,

462 3703 486 3765 i.
514 3722 540 3764 e.
567 3698 726 3764 saltatores
753 3701 784 3759 et
812 3701 983 3761 cantatores
1011 3695 1145 3759 habendi
1173 3702 1256 3760 sunt.
1310 3695 1391 3762 Sunt
1416 3698 1513 3780 igitur
1542 3720 1622 3763 nova

463 3811 617 3897 quaedam
645 3808 939 3895 parachoregematis
967 3806 1146 3892 specimina,
1170 3808 1345 3873 ‘choreutee
1376 3809 1620 3889 extraordinarii,

462 3922 723 4011 quemadmodum
746 3926 862 3985 actores
885 3918 1146 4001 extraordinarios,
1160 3919 1282 3984 Polluce
1304 3925 1427 3985 anctore
1440 3917 1621 4006 parachore'·

463 4041 586 4122 gemata
613 4053 792 4119 nuncupare
827 4031 1051 4098 consuevimus.
1101 4030 1215 4096 Pueros
1247 4052 1344 4116 aeque
1377 4033 1453 4097 bene
1485 4034 1621 4097 eruditos

461 4147 558 4215 luis'se
579 4148 806 4231 instructosque
824 4145 1035 4224 ac‘choreutas
1051 4143 1213 4227 legitimos,
1236 4165 1298 4208 non
1313 4145 1455 4230 estquod
1469 4165 1624 4209 moneam·

461 4260 594 4328 Eosdem
615 4259 772 4345 praeterea
793 4257 850 4323 sub
872 4257 966 4321 finem
988 4255 1109 4319 fabulae
1125 4255 1248 4320 Carcini
1263 4256 1341 4322 lilios
1356 4256 1484 4321 saltasse
1498 4234 1620 4321 neeesse

461 4380 519 4454 est,
542 4372 624 4457 quod
646 4371 758 4457 duplex
780 4368 969 4435 huiusmodi
991 4367 1245 4453 paraohoregema
1266 4375 1386 4456 praeter
1407 4367 1619 4433 necessitatem

461 4491 641 4574 praestare,
662 4483 758 4549 stulta
784 4482 893 4547 fuisset
920 4480 1042 4563 cheragi
1077 4480 1226 4565 gloriatio.
1276 4482 1321 4547 De
1355 4502 1483 4545 numero
1516 4487 1620 4545 autem

460 4618 629 4687 puerorum
651 4598 829 4662 etiamnunc
852 4594 965 4661 dubius
986 4591 1111 4672 haereo,
1139 4598 1246 4659 utrum
1267 4598 1328 4661 tres
1357 4592 1450 4660 luisse
1478 4613 1620 4662 censeam
