4484 5467
1022 616 1217 675 ΣΦΗΚΕΣ

833 793 1022 857 aduenissent
1044 800 1087 877 τῇ
1107 792 1204 879 θύρᾳ;
1227 792 1272 857 λέ·

881 906 939 975 an·
961 906 1037 990 πρὸς
1059 902 1166 973 εὔνους
1187 904 1245 989 γὰρ
1268 906 1400 989 φράσεις.

1016 1028 1223 1085 ΦΙΛΟΚΛΕΩΝ.

697 1128 791 1211 οὑμὸς
815 1127 884 1197 υἱός.
909 1128 986 1191 ἀλλὰ
1011 1129 1052 1213 μὴ
1076 1131 1181 1215 βοᾶτε·
1203 1127 1331 1213 καὶγὰρ
1354 1130 1493 1214 τυγχάνει
1528 1129 1538 1154 '

598 1257 601 1261 .
718 1238 727 1262 ἔ
787 1240 794 1263 i
866 1238 874 1260 Ι
1055 1239 1063 1260 Ι
1174 1239 1181 1261 3
1226 1236 1277 1261 it?
1432 1243 1448 1257 ιν
1494 1238 1503 1261 Ι

697 1261 797 1301 ουτοσι
819 1239 949 1325 προσθεν
971 1238 1140 1303 actaeone.
1164 1243 1222 1302 αλλ
1259 1238 1373 1323 υφεσθε
1393 1263 1448 1303 του
1471 1263 1569 1303 πονου.

1055 1362 1177 1421 ΧΟΡΟΣ.

694 1465 748 1526 τοῦ
772 1461 801 1525 δ’
827 1460 926 1548 ἔφεΕιν
950 1462 976 1525 ὦ
1001 1465 1107 1548 μάταιε
1128 1465 1222 1526 ταῦτα
1246 1463 1317 1548 δρᾶν
1341 1486 1375 1527 σε
1398 1462 1552 1551 pedianum

779 1574 828 1637 aui
850 1574 913 1637 τίνα
936 1573 1084 1660 πρόφασιν
1109 1572 1206 1659 ἔχωνς

1016 1694 1223 1755 ΦΙΛΟΚΛΕΩΝ.

536 1810 591 1863 340
699 1794 754 1858 οὐκ
778 1794 815 1880 ee
837 1794 870 1881 ρ’
897 1794 1007 1881 ὦνδρες
1031 1796 1159 1868 δικάζειν
1183 1793 1255 1857 οὐδὲ
1278 1796 1350 1881 δρᾶν
1374 1794 1462 1860 οὐδὲν
1484 1794 1590 1861 κακόν·

571 2070 596 2105 ν.
611 2050 670 2105 334.
705 2051 743 2104 De
760 2050 876 2105 uersibus
894 2049 947 2103 diri
964 2051 1065 2120 Proleg.
1088 2068 1113 2121 p.
1133 2051 1175 2104 79.
1205 2050 1398 2120 Antistrophica
1414 2052 1549 2106 constituit
1565 2052 1596 2107 G.
1613 2052 1699 2106 Herm.

609 2137 641 2189 de
664 2137 742 2189 choro
765 2136 797 2190 V.
819 2152 844 2204 p.
865 2136 894 2187 ll
921 2140 946 2188 et
969 2136 1039 2205 apud
1055 2135 1216 2189 Dindortium
1238 2136 1265 2187 in
1286 2136 1347 2188 edit.
1364 2136 1499 2205 Lipsiensi.
1534 2138 1609 2204 Quod
1625 2139 1700 2193 facile

609 2226 665 2276 erat
682 2238 763 2293 neque
781 2227 867 2275 tamen
883 2223 1063 2276 necessarium.
1100 2222 1247 2291 systemata
1268 2222 1339 2275 dicas
1355 2237 1413 2275 cum
1430 2222 1569 2291 Burgesio,
1595 2222 1700 2278 Glassic.

608 2311 692 2363 Ioum.
711 2310 806 2362 XXXI
826 2327 852 2379 p.
871 2308 912 2374 35,
934 2310 995 2363 licet
1018 2310 1060 2362 hic
1078 2310 1233 2363 miraculosa
1250 2308 1372 2363 nonnulla
1388 2309 1520 2377 inuenerit,
1538 2313 1568 2363 ut
1584 2325 1599 2362 e
1616 2310 1701 2363 verbis

609 2393 647 2447 ὅτι
670 2388 894 2465 λέγεις-ἀληθές
916 2409 939 2447 ν.
957 2391 1008 2445 343
1026 2392 1105 2445 cruit:
1129 2390 1142 2444 θ
1162 2390 1193 2445 τὸ
1213 2392 1271 2465 πρὶν
1294 2390 1320 2444 ἐν
1342 2387 1423 2463 ἤθεσι.
1462 2391 1539 2447 Chori
1564 2394 1615 2449 duo
1641 2399 1702 2448 sunt

608 2481 716 2546 minora,
734 2479 785 2533 duo
803 2480 901 2533 maiora
919 2482 1072 2547 systemata3
1090 2479 1188 2533 maiora
1205 2480 1250 2532 illa
1261 2494 1394 2548 compares
1406 2495 1465 2533 cum
1476 2482 1609 2549 parabasie
1621 2485 1701 2551 parte,

609 2583 674 2636 quae
691 2572 778 2636 πνῖγος
794 2570 913 2630 vocatum
931 2568 992 2617 sunt
1009 2566 1076 2618 enim
1094 2565 1212 2634 dipodiae
1229 2566 1376 2620 trochaicae
1392 2566 1433 2620 rel
1450 2567 1546 2635 epitriti
1558 2566 1700 2631 duodecim,

609 2651 699 2705 eadem
716 2651 787 2704 nocis
805 2650 967 2703 contentione
985 2650 1149 2717 pronunciati
1165 2650 1279 2719 satisque
1295 2654 1360 2719 puto
1378 2651 1505 2717 celeriter,
1528 2652 1643 2705 clausula
1665 2652 1702 2704 di-

609 2737 687 2806 podia
703 2735 834 2789 trochaica
852 2734 1001 2788 catalectico
1017 2733 1059 2786 ael
1075 2734 1194 2787 creticus.
1228 2734 1293 2787 Item
1305 2735 1404 2788 minora
1416 2739 1555 2804 systemata
1566 2754 1581 2791 e
1593 2738 1703 2807 dipodiis

609 2826 729 2877 constant
746 2822 829 2892 quinis
848 2838 906 2874 cum
924 2821 1039 2873 clausula
1056 2820 1152 2873 eadem.
1182 2820 1291 2874 Restant
1303 2821 1354 2874 duo
1372 2838 1462 2875 versus
1480 2823 1524 2891 qui
1540 2818 1702 2876 tetrametros

610 2915 759 2980 sequuntur,
785 2909 829 2961 aci
853 2908 910 2960 τίνα
935 2906 1059 2981 πρόφασιν
1086 2906 1154 2980 ἔχων
1182 2910 1209 2959 ct
1229 2905 1282 2958 ἀλλ’
1308 2906 1383 2977 ἔπαγε
1405 2908 1452 2979 τὴν
1475 2904 1582 2977 γνάθον,
1609 2910 1703 2978 quique

609 3011 691 3065 paene
712 2996 793 3047 instar
813 2992 955 3045 tetrametri
975 2991 1071 3044 debent
1090 2990 1191 3055 haberi,
1213 2990 1309 3059 quippe
1332 3007 1391 3045 cum
1414 3006 1507 3059 magna
1530 2994 1609 3046 animi
1634 3009 1702 3048 com-

611 3082 723 3136 motione
742 3097 756 3133 a
774 3080 851 3135 choro
869 3079 1078 3149 pronunciantur.

576 3187 601 3222 ν.
615 3168 674 3221 334.
710 3166 869 3220 aduenticium
892 3172 924 3241 τῇ
947 3162 1014 3239 θθρφ
1035 3166 1067 3219 V.
1102 3165 1149 3224 τὰς
1171 3161 1362 3243 depae-vulgo,
1382 3169 1415 3240 τῇ
1437 3161 1504 3238 θθρφ
1522 3164 1627 3233 Bergk.;
1647 3173 1703 3226 ταῖς

610 3249 699 3325 θθραις
716 3251 785 3305 Reis.
804 3250 832 3304 G.
853 3267 892 3320 pr.
911 3249 958 3303 XI.
994 3249 1113 3303 Ceterum
1132 3249 1164 3302 cf.
1182 3248 1268 3302 Hono.
1286 3266 1311 3318 p.
1332 3248 1389 3302 102.
1424 3248 1563 3326 ἀποκλῄων
1581 3251 1656 3303 bind.

573 3357 599 3392 ν.
613 3337 672 3391 339.
707 3336 763 3390 τίνα
784 3335 908 3410 πρόφασιν
931 3334 998 3409 ἔχων
1014 3335 1106 3408 γνιιὶςο.
1142 3334 1198 3387 τίνα
1216 3333 1340 3408 πρόφασιν
1358 3332 1385 3386 δ’
1408 3332 1475 3408 ἔχων
1490 3334 1521 3387 G.
1539 3335 1625 3389 Herm.
1660 3338 1704 3390 aui

566 3438 574 3454 ·⁴
610 3423 666 3475 τίνα
684 3440 726 3495 πρ.
743 3420 781 3494 ἔχ.
798 3420 900 3489 Bergk,
917 3420 987 3489 qnod
1003 3420 1097 3488 recepi.
1133 3419 1208 3471 Dind.
1226 3419 1253 3471 in
1270 3417 1310 3472 ed.
1328 3418 1474 3484 Parisiensi,
1493 3420 1592 3474 ommsis
1611 3423 1703 3487 verbis,

610 3511 719 3563 lacunae
740 3510 842 3577 signum
863 3508 963 3577 posuit,
985 3506 1012 3559 in
1030 3506 1169 3560 Oxouiensi
1190 3505 1321 3575 vulgatam
1339 3508 1438 3560 curavit
1454 3507 1660 3576 imprimendam,
1677 3509 1704 3561 in

612 3595 820 3650 annotationibus
838 3598 924 3646 tamen
941 3593 1067 3647 Florentis
1085 3592 1230 3659 Christiani,
1248 3593 1292 3662 qui
1303 3593 1372 3647 hunc
1383 3610 1485 3647 versum
1496 3598 1618 3664 tanquam
1628 3596 1705 3648 iuter-

610 3683 798 3751 pretamentum
814 3679 950 3733 uerborum
967 3680 1012 3729 τοῦ
1031 3676 1056 3729 δ’
1076 3676 1156 3752 ἔφεξιν
1174 3678 1257 3743 eiecit,
1275 3678 1426 3730 sententiam
1443 3683 1567 3748 sequutus
1583 3683 1631 3733 est.
1654 3680 1705 3735 Pro

612 3766 693 3843 ἔφεξιν
714 3766 822 3820 Bentlei.
844 3765 1004 3835 proponebat
1026 3763 1138 3839 ἀφέξων,
1164 3766 1182 3819 i.
1204 3781 1226 3820 e.
1249 3762 1437 3829 ἀποκωλθσων,
1459 3766 1578 3819 Reiskius
1600 3764 1704 3839 ἐφέξων.

594 4009 619 4049 ν.
638 3989 697 4047 337.
723 3985 828 4064 θφισθιι
850 3987 930 4043 schol.
948 3986 1099 4062 δποχαλᾶτι.
1200 4003 1224 4040 ν.
1242 3986 1301 4041 339.
1328 3985 1379 4040 Cur
1396 4002 1448 4041 non
1465 3988 1557 4043 chorus
1574 3989 1614 4043 bis
1631 4005 1704 4059 roga·

541 4084 571 4136 ἐκ
590 4082 736 4152 μεταφορᾶς
753 4081 806 4129 τῶν
824 4074 929 4130 πλοίων.
1149 4071 1214 4126 verit
1229 4073 1309 4127 idem:
1326 4076 1372 4126 τοῦ
1390 4072 1417 4126 δ’
1436 4072 1516 4148 ἔφεξιν
1533 4079 1559 4127 et
1575 4074 1631 4129 τίνα
1642 4076 1704 4148 πρό-

594 4183 620 4219 ν.
638 4163 697 4217 338.
732 4161 827 4237 ἔφεξινι
851 4162 930 4216 schol.
957 4160 1031 4234 napo
1048 4164 1100 4218 τοῖς
1150 4178 1223 4232 φασιν
1245 4159 1330 4233 ἔχωνῖ
1351 4159 1449 4229 Nempe
1471 4176 1545 4214 senes
1565 4164 1638 4225 sunt,
1661 4163 1704 4229 qui

540 4257 671 4328 τραγικοῖς
697 4247 776 4322 ἔφεξις
801 4249 818 4318 ἡ
844 4247 976 4321 πρόφασις.
1011 4244 1100 4313 Comp.
1149 4246 1319 4314 interrogant,
1340 4250 1366 4299 et
1387 4248 1484 4299 streuui
1501 4246 1646 4303 defensores
1664 4261 1704 4298 so·

542 4339 623 4395 schol.
635 4336 798 4391 Homericum
807 4332 948 4407 ἐπισχεσίην
960 4330 1017 4395 (Od.
1026 4330 1101 4395 XXI,
1151 4330 1224 4384 dalis.
1259 4330 1348 4385 Talem
1371 4348 1431 4385 vero
1454 4333 1477 4385 si
1494 4348 1628 4401 sequemur
1645 4346 1704 4384 con⁴

542 4428 602 4491 70):
615 4420 909 4480 schol.1t.ctvoctaaaan
922 4422 948 4471 et
959 4415 1101 4484 Hesychius
1150 4417 1279 4469 cinnitatis
1291 4417 1380 4485 legem,
1395 4418 1520 4486 quomodo
1533 4417 1704 4481 defendemus,

542 4511 641 4587 ἔφεξινι
658 4509 739 4582 χάριν,
757 4507 838 4570 ἔνεκα,
851 4504 954 4578 ἐποχήν,
966 4501 1100 4575 πρόφασιν.
1150 4507 1180 4555 ut
1196 4502 1287 4568 dicam,
1304 4503 1373 4571 quod
1389 4504 1533 4572 proximum
1550 4506 1597 4567 est,
1615 4502 1703 4576 εἴργων

541 4595 680 4672 Εὐριπίδης
691 4590 808 4668 Πιιρέθιρ.
1149 4587 1316 4654 adnuntiatus,
1334 4589 1384 4641 alia
1401 4593 1536 4643 sexcenta?

1500 4672 1551 4729 15⁸
