4484 5467
951 652 1149 715 ΣΦΗΚΕΣ
1570 663 1632 728 229

627 830 661 893 οίι
686 830 750 917 γὰρ.
768 830 804 895 ἄν
826 830 900 894 ποθ’
927 829 1016 901 οὖτος
1039 834 1112 917 ἀνὴρ
1135 832 1222 897 τοῦτ’
1249 831 1416 919 ἐτόλμησεν
1440 835 1544 919 λέγειν,
1566 837 1592 899 εί

507 934 543 989 345
673 943 713 1026 μὴ
739 941 915 1027 ξυνωμότης
937 968 979 1013 τις
1001 942 1049 1027 ἦν.

624 1052 688 1116 ἀλλ’
711 1054 746 1117 ἐκ
768 1054 883 1117 τούτων
907 1055 972 1140 ὥρα
994 1057 1058 1119 τινα
1081 1079 1129 1119 σοι
1152 1060 1247 1140 ζητεῖν
1269 1058 1373 1141 καινὴν
1397 1058 1543 1134 ἐπίνοιαν,

625 1166 683 1249 ἥτις
706 1189 740 1229 σε
762 1166 863 1252 λάθρᾳ
884 1166 1008 1251 τάνδρὸς
1029 1168 1113 1230 τουδὶ
1135 1170 1301 1254 καταβῆναι
1324 1170 1414 1255 δεῦρο
1439 1172 1569 1255 ποιήσει.

946 1289 1153 1348 ΦΙΛΟΚΛΕΩΝ.

626 1388 664 1459 τίς
701 1387 736 1453 ἂν
773 1385 834 1452 ὀὖν
879 1388 940 1473 είη;
979 1387 1091 1473 ζητεῖθ’
1132 1390 1229 1474 ὑμεῖς,
1275 1393 1317 1460 ὡς
1360 1396 1417 1455 πᾶν
1457 1392 1491 1456 ἂν
1532 1392 1631 1478 ἔγωγε

1298 1503 1431 1588 ποιοίην·

626 1613 705 1677 οὕτω
728 1615 816 1675 κιττῶ
843 1611 890 1675 διὰ
914 1615 974 1676 τῶν
1001 1612 1131 1675 σανίδων
1157 1612 1230 1695 μετὰ
1251 1614 1386 1698 χοιρίνης
1408 1617 1580 1700 περιελθεῖν.

988 1735 1110 1793 ΧΟΡΟΣ.

626 1835 704 1902 ἔστιν
728 1837 788 1921 ὀπὴ
812 1833 886 1920 δῆθ’
911 1834 1005 1920 ἥντιν’
1032 1834 1066 1899 ἄν
1091 1833 1215 1899 ἔνδοθεν
1240 1835 1304 1906 οἶός
1326 1835 1354 1900 τ’
1380 1835 1442 1923 είης
1466 1840 1608 1926 διορύξαι,

539 2092 666 2165 [πο-εἴπερ
684 2092 708 2145 λ.
721 2112 747 2145 π.
760 2111 783 2145 τ.
796 2111 819 2144 ν.
841 2087 934 2163 ἀληθὲς
954 2090 983 2143 ἂν
1002 2091 1069 2156 Ald,
1088 2090 1163 2154 lunt,
1181 2091 1294 2155 Kusteri,
1312 2092 1433 2159 Bergleri.
1460 2096 1583 2164 Equidem
1603 2102 1631 2150 ut

539 2189 625 2233 versus
641 2179 705 2232 fiant
721 2178 844 2232 trochaici
862 2181 937 2247 atque
954 2177 1126 2246 respondeant
1144 2178 1277 2245 systemati
1293 2194 1316 2229 ν.
1330 2177 1380 2230 573
1394 2194 1447 2249 sqq.
1467 2182 1630 2234 scribendum

540 2278 640 2319 censeo:
658 2264 696 2318 du
713 2264 791 2335 λέγεις
808 2283 832 2316 τι
850 2262 888 2316 σί.
906 2263 1007 2317 -Pro
1025 2271 1090 2318 νεῶν
1107 2266 1240 2319 Bentleius
1259 2268 1285 2318 et
1302 2265 1387 2317 Reisk.
1406 2267 1478 2328 νέων,
1497 2267 1629 2330 ἰιινουυιο;

539 2366 581 2417 pro
598 2352 654 2425 περὶ
673 2356 726 2404 τῶν
749 2351 813 2403 νέων
837 2350 867 2404 G.
888 2351 973 2403 Herm.
993 2350 1023 2402 de
1041 2352 1118 2405 choro
1138 2352 1169 2404 V.
1193 2370 1218 2421 p.
1240 2352 1271 2404 12
1295 2352 1350 2423 περὶ
1373 2350 1538 2425 Τορωναίων,
1563 2354 1629 2405 idem

538 2436 561 2490 in
578 2438 618 2492 ed.
635 2438 706 2507 Lips.
724 2437 780 2509 περὶ
796 2436 947 2489 τελωνειῶν.

510 2533 530 2573 h
540 2522 595 2577 344.
630 2523 787 2577 Philocleoni
809 2523 925 2576 tribuunt
944 2524 1023 2576 verba
1046 2522 1075 2577 οὺ
1098 2525 1146 2598 γὰρ
1170 2524 1200 2578 ἂν
1223 2555 1256 2564 -
1279 2544 1316 2584 τις
1337 2525 1368 2597 ἠν
1392 2525 1628 2579 melanthus.

537 2610 646 2665 Brunck.
664 2611 775 2664 correxit
792 2609 823 2664 G.
840 2610 925 2663 Herm.

511 2693 529 2749 u
539 2697 595 2751 347.
630 2696 705 2750 τοῦδε
722 2697 753 2750 R.
771 2696 803 2749 V.
822 2712 872 2749 see.
890 2695 953 2750 (lob.
972 2697 1057 2765 vulgo.
1084 2696 1154 2749 τουδὶ
1172 2697 1239 2752 Flor.
1258 2699 1316 2752 Chr.
1335 2699 1446 2752 Brunek.
1465 2698 1571 2752 Porson.

509 2783 594 2838 uass.
630 2782 699 2837 Ante
715 2781 859 2835 Bentleium
883 2788 932 2835 πᾶν
956 2781 1041 2852 ἔγωγε.
1065 2785 1093 2835 it.
1118 2783 1215 2836 Daues.
1239 2803 1264 2854 p.
1284 2785 1334 2839 259
1352 2791 1401 2838 πᾶν
1427 2784 1466 2849 ἂν,
1482 2776 1515 2847 et
1539 2785 1626 2838 Elmsl.

536 2872 578 2941 qui
594 2870 693 2942 ποιοίην
712 2884 770 2922 cum
789 2869 820 2920 R.
840 2869 871 2920 V.
889 2869 955 2921 Iunt.
975 2885 1022 2937 pro
1041 2870 1145 2936 vulgato
1164 2871 1290 2943 ποιοίμην.

507 2956 597 3011 uaso.
633 2952 741 3028 διορύξαι
753 2954 838 3023 vudgo.
870 2953 979 3015 διαλέξαι
992 2955 1022 3008 G.
1036 2956 1122 3008 Herm.
1151 2954 1219 3019 „Sed
1231 2972 1308 3024 quum
1318 2957 1461 3024 Hesychius
1471 2957 1630 3010 adnotaverit

497 3087 501 3094 .
536 3040 656 3105 διαλέξει,
687 3038 799 3113 trophini.
828 3044 903 3109 atque
930 3042 1007 3093 etium
1034 3042 1061 3093 in
1087 3040 1195 3108 Lysistr.
1221 3041 1272 3093 720
1298 3040 1459 3110 διαλέγουσαν
1490 3041 1536 3111 τὴν
1563 3039 1627 3111 ὀπὴν

535 3124 647 3199 legatur,
670 3144 722 3181 non
743 3121 843 3181 videtur
865 3127 977 3189 dubitari
1003 3143 1080 3196 posse
1108 3129 1169 3197 quin
1187 3129 1282 3180 usitata
1299 3127 1394 3181 locutio
1412 3127 1489 3179 fucrit
1507 3126 1626 3194 διαλέγειν

536 3212 609 3287 ὀπήν,
628 3212 697 3282 quod
714 3214 816 3282 proprie
833 3217 873 3266 est
890 3214 1041 3277 discernere,
1058 3214 1107 3267 hoc
1119 3217 1159 3266 cst
1171 3214 1289 3266 diducere
1301 3212 1493 3281 diducendoque
1506 3212 1628 3281 aperire.“

536 3300 632 3353 Eadem
652 3300 705 3352 fere
727 3299 882 3352 Dindorfius.
923 3299 961 3352 cf.
985 3300 1077 3368 Enger.
1101 3299 1134 3351 ad
1156 3318 1180 3352 ν.
1202 3300 1262 3368 Lys.
1302 3299 1364 3351 Mihi
1389 3298 1527 3368 quideme
1548 3298 1627 3350 schol.

536 3386 597 3455 Lys.
627 3385 771 3454 Hesychius
789 3402 836 3439 sua
853 3386 953 3440 videtur
971 3387 1117 3455 sumpsisse.
1136 3415 1169 3424 -
1188 3387 1267 3440 Porro
1285 3402 1331 3455 pro
1350 3380 1449 3438 ἔνδοθεν
1463 3384 1515 3443 οίός
1532 3384 1557 3436 τ’
1576 3383 1628 3456 εἴης

533 3472 690 3537 Brunckius,
711 3472 842 3527 Porsonus
864 3490 903 3542 pr.
922 3472 1018 3526 Hecub.
1038 3491 1062 3542 p.
1081 3473 1102 3526 L
1130 3472 1183 3531 οίές
1201 3472 1227 3524 τ’
1251 3468 1351 3525 ἔνδοθεν
1375 3471 1438 3544 εἴης,
1460 3471 1628 3539 reprehensus

461 3701 492 3749 et
500 3698 667 3751 Schoemann.
677 3694 764 3763 Antiq.
772 3711 800 3764 p.
812 3695 869 3748 101.
888 3696 1022 3748 Praeterea
1071 3699 1117 3748 τοῦ
1131 3694 1217 3769 ὀρνέου
1230 3700 1276 3767 τῆς
1289 3695 1376 3768 κίττης
1385 3695 1556 3759 (Ηοίαίιῖιίιοι),
1570 3692 1628 3767 ὅπερ

465 3784 533 3837 cives
552 3781 677 3835 derebus
694 3782 831 3837 naualibus.
845 3780 923 3834 verba
940 3780 1022 3833 facere
1072 3779 1262 3854 ἐπιθυμητικῶς
1279 3782 1336 3855 ἔχον
1355 3784 1409 3833 τῶν
1426 3781 1572 3855 ἀαροδρθων
1585 3800 1629 3833 τα-

465 3870 603 3933 amabant,
642 3870 711 3919 amat
744 3865 838 3919 Noster
878 3867 1021 3919 admodum.
1073 3868 1143 3939 χέως
1164 3867 1361 3940 δυσαρεστεῖται,
1386 3866 1411 3928 ἐξ
1435 3867 1471 3920 ὧν
1495 3867 1525 3920 ἂν
1549 3864 1628 3939 ἐσθίη,

465 3954 550 4007 Verba
574 3955 657 4005 autem
679 3953 716 4005 ita
739 3952 806 4005 iuter
828 3967 855 4004 se
880 3952 1023 4018 cohaerent,
1071 3954 1115 4006 aad
1138 3953 1212 4006 πάλιν
1238 3956 1330 4027 ἑτέρων
1355 3950 1472 4023 ἐπιθυμεῖ
1492 3954 1535 4006 καὶ
1552 3972 1628 4022 μετα·

466 4044 493 4093 ut
509 4040 575 4092 bene
592 4038 752 4092 Hermannus
777 4039 861 4091 omnia
880 4037 962 4092 Chore
981 4039 1023 4091 de·
1072 4039 1155 4108 βάσεις
1177 4047 1282 4093 ποιεῖται
1306 4040 1340 4099 είς
1364 4040 1469 4093 ἕκαστον
1495 4046 1548 4091 τῶν
1576 4039 1627 4091 δέν-

466 4126 544 4191 ιῖοιῖί;
569 4128 628 4177 ante
646 4140 705 4177 eum
728 4140 752 4176 ν.
771 4124 829 4177 344.
853 4123 903 4177 345
938 4125 1023 4178 Philo·
1072 4125 1148 4197 δρων.
1176 4127 1208 4179 cf.
1226 4128 1286 4180 Pac.
1299 4128 1350 4179 497
1366 4142 1388 4180 c.
1406 4126 1484 4179 schol.
1502 4126 1550 4178 Αν.
1569 4124 1627 4176 302.

465 4212 560 4265 eleonis
578 4215 658 4263 erant.
678 4239 712 4247 -
729 4209 768 4263 De
781 4211 983 4264 coniuratoribus
996 4212 1022 4264 in
1073 4212 1148 4265 1297.
1175 4242 1209 4251 -
1235 4220 1288 4266 τῶν
1316 4212 1424 4266 σανίδων
1451 4211 1501 4263 vid.
1528 4210 1626 4276 Proleg.

463 4298 557 4367 Vespis
568 4296 706 4366 praecipue
715 4297 776 4349 etin
785 4297 920 4365 Equitibus
930 4298 1021 4367 agitur.
1072 4315 1097 4367 p.
1109 4299 1159 4351 122
1168 4316 1223 4369 sqq.
1254 4300 1318 4369 μετὰ
1335 4298 1447 4372 χοιρίνης
1461 4296 1512 4349 vid.
1527 4295 1626 4360 Proleg.

513 4401 538 4437 ν.
566 4382 625 4436 349.
664 4388 759 4434 αιττῶι
789 4383 867 4435 schol.
897 4380 1022 4453 ἐπιθυμῶ,
1071 4403 1096 4454 p.
1106 4385 1326 4455 155sq.;propter
1335 4389 1413 4436 κιττῶ
1424 4382 1518 4435 dietum
1527 4384 1566 4449 est
1574 4398 1627 4452 χοι-

463 4470 512 4524 ἀπὸ
536 4476 590 4523 τῶν
615 4469 708 4542 ἀρτίως
730 4475 869 4521 τικτουσῶν
894 4476 1021 4540 γυναικῶν
1072 4472 1141 4544 ρίνης
1150 4472 1251 4545 πρὸςτὸ
1260 4471 1436 4542 αακίμφατον.
1448 4466 1520 4531 Quod
1529 4465 1628 4517 videtur

463 4557 506 4610 καὶ
517 4552 697 4625 ἐπιθυμουσῶν
710 4561 801 4608 πινῶνι
820 4556 966 4632 (legendum
978 4574 1022 4608 au·
1072 4559 1164 4611 chorus
1182 4559 1299 4627 proximo
1316 4571 1393 4610 uersu
1410 4553 1564 4608 continuare.

465 4649 548 4699 ουσιῖιν
572 4657 620 4713 pro
643 4644 802 4706 τιατουσῶν).
841 4642 924 4716 ίρηται
948 4641 975 4695 δὲ
993 4643 1022 4695 ἐκ
