4484 5467
625 626 672 680 DII
689 624 860 680 IVDIGIBVS
878 588 1136 680 ATHENIENSIIIM
1154 578 1336 693 aaavsova
1353 627 1582 683 IVDIGIALIBVS
1640 632 1700 696 145

534 803 577 864 ut
600 797 740 883 partibus
762 797 917 863 dicasterii
938 817 1032 882 supra
1054 798 1195 883 exposui;
1217 798 1290 877 iam,
1314 820 1391 884 quae
1414 821 1498 865 nunc
1519 808 1701 886 sequuntur,

536 910 591 976 his
619 909 832 995 significantur
859 931 907 975 res
936 908 1048 994 quibus
1075 909 1242 974 utebantur
1270 910 1401 992 iudices,
1430 935 1562 997 quarum
1582 920 1701 999 partem

537 1043 648 1088 secum
669 1023 882 1108 apportabant,
905 1027 1026 1107 partem
1047 1043 1066 1085 a
1088 1022 1271 1105 magistratu
1293 1023 1493 1108 accipiebant.
1537 1027 1582 1090 At
1602 1028 1702 1112 primo

539 1135 609 1200 loco
636 1154 765 1221 ponam,
793 1134 875 1219 quod
904 1135 1053 1200 omissum
1081 1140 1128 1199 est
1153 1155 1172 1198 a
1194 1135 1316 1200 Polluce
1344 1135 1365 1199 l.
1388 1135 1419 1215 1.,
1447 1136 1560 1222 quippe
1589 1138 1643 1221 qui
1670 1138 1703 1215 id

538 1247 698 1334 portinere
719 1248 759 1313 ad
780 1269 828 1313 res
850 1245 1011 1312 iudiciales
1034 1267 1095 1310 non
1118 1246 1318 1312 arbitraretur
1340 1253 1394 1312 aut
1416 1247 1529 1312 oblitus
1551 1255 1640 1332 esset,
1662 1252 1702 1314 τό

538 1358 746 1449 τριβώνιον
773 1359 850 1425 dico.
878 1359 1031 1424 Xanthias
1042 1359 1139 1442 igitur
1155 1380 1262 1424 servus
1278 1359 1360 1423 senis
1377 1360 1510 1425 furorem
1525 1360 1703 1426 iudicialem

539 1491 698 1554 enarrans,
721 1470 822 1536 filium
844 1470 920 1535 dicit
941 1492 1010 1537 earu
1032 1492 1120 1554 aegre
1142 1472 1230 1553 serre,
1253 1492 1283 1536 v.
1309 1472 1383 1536 116:
1408 1474 1424 1535 ὁ
1446 1474 1503 1559 γὰρ
1527 1474 1590 1543 υἱὸς
1612 1511 1653 1519 -

793 1584 947 1649 ἀνέπειθεν
971 1584 1061 1648 αὐτὸν
1087 1586 1128 1670 μὴ
1154 1588 1258 1672 φορεῖν
1280 1586 1436 1672 τριβώνιον

787 1695 866 1782 ιμηδ’
893 1694 1001 1769 ἐξιέναι
1023 1696 1147 1782 θύραζε.

496 1861 498 1865 .
540 1807 707 1897 Τριβώνιον
741 1806 874 1892 explicat
901 1806 937 1871 P.
964 1806 1135 1872 Victorius:
1171 1806 1187 1869 ὃ
1217 1807 1244 1869 οἱ
1273 1806 1407 1870 ὀικασταὶ
1433 1812 1589 1892 φοροῦσιν.
1633 1808 1702 1873 Nou

539 1918 662 1984 iudices
696 1919 812 2000 solum,
846 1918 901 1983 sed
933 1939 1020 1983 senes
1052 1919 1249 2004 potissimum
1281 1918 1337 1981 hoc
1363 1915 1457 2002 pallio
1485 1917 1702 1994 induebantur.

538 2032 676 2097 Vocatur
692 2037 804 2096 autem
819 2051 838 2094 a
853 2029 974 2095 Comico
997 2037 1029 2095 et
1049 2033 1204 2120 τριβώνιον
1228 2035 1259 2093 et
1272 2030 1393 2118 τρίβων,
1417 2034 1447 2092 et
1462 2030 1606 2094 videntur
1621 2032 1703 2096 eius-

539 2146 613 2210 dem
635 2145 729 2211 verba
750 2144 822 2229 Lys.
845 2143 907 2209 218
931 2166 994 2210 non
1015 2150 1081 2209 tam
1103 2144 1142 2208 ad
1159 2143 1353 2208 Cleomenem
1374 2140 1455 2205 male
1477 2142 1515 2206 ab
1530 2142 1702 2205 Athenien-

539 2258 627 2324 sibus
656 2255 840 2336 mulcatum‚
874 2275 968 2339 quam
999 2255 1037 2319 ad
1065 2255 1249 2340 quemlibet,
1282 2254 1337 2338 qui
1368 2253 1462 2339 pallio
1489 2254 1555 2319 sive
1581 2253 1704 2318 lacerna

539 2375 699 2448 uteretur,
728 2368 897 2454 pertinere,
925 2374 1049 2453 propter
1078 2389 1173 2452 quam
1195 2366 1341 2453 quilibet,
1370 2368 1501 2454 σμικρὸν
1520 2366 1602 2454 ἔχων
1625 2369 1703 2431 πάνυ

539 2484 709 2570 τριβώνιον,
731 2484 891 2546 vocaretur

874 2598 979 2672 πινών,
1004 2595 1118 2681 ῥυπῶν,
1141 2594 1342 2680 ἀπαράτιλτος

876 2705 910 2779 ἓξ
932 2706 1008 2770 ἐτῶν
1033 2704 1172 2774 ἄλουτος.

541 2814 666 2882 Similia
694 2816 777 2901 apud
798 2815 922 2900 Lysiam
951 2816 1027 2881 κατὰ
1048 2816 1174 2899 Διογείτ.
1196 2837 1228 2900 p.
1250 2816 1322 2881 903.
1368 2814 1443 2880 Erat
1471 2835 1705 2898 nonnumquam

540 2934 599 2994 aut
630 2948 730 3013 saepe,
763 2934 800 2992 ut
828 2927 930 2991 Vlixis
963 2926 1042 2991 illud
1075 2925 1284 3011 marsupium,
1318 2928 1417 2994 πυκνὰ
1449 2927 1614 3013 ῥωγαλέον.
1659 2926 1705 2990 Cf.

541 3039 777 3125 Aristophoutis
805 3060 912 3105 versus
940 3060 987 3123 ap.
1016 3038 1131 3102 Athen.
1159 3037 1217 3119 IV,
1249 3039 1307 3103 161
1337 3044 1368 3102 et
1394 3038 1481 3119 Diog.
1504 3037 1602 3101 Laert.
1623 3039 1706 3121 vul,

542 3154 596 3234 38,
620 3151 717 3215 Mein.
739 3150 824 3216 Com.
847 3150 900 3229 ΙΙΙ,
924 3150 986 3217 362
1009 3171 1065 3233 sq..
1088 3148 1163 3212 item
1185 3148 1344 3234 Eupolidis
1366 3147 1616 3233 apPolluc.VIL
1635 3149 1705 3231 168,

540 3263 638 3327 Mein.
662 3262 752 3327 Com.
781 3262 826 3345 ΙΙ,
857 3262 929 3327 529.
973 3261 1010 3324 In
1039 3259 1130 3324 Pluto
1152 3282 1183 3325 v.
1206 3260 1267 3323 715
1299 3260 1390 3325 Cario
1412 3281 1466 3347 por
1493 3253 1647 3324 lacernam
1674 3281 1706 3323 sc

541 3374 737 3460 conspexisse
759 3394 808 3438 res
829 3373 931 3438 varias
953 3372 1080 3435 fatetur:

779 3487 855 3557 ὀπάς
877 3487 933 3573 γὰρ
956 3484 1037 3571 εἶχεν
1063 3484 1118 3548 οόκ
1142 3484 1244 3568 ὀλίγας
1268 3486 1310 3571 μά
1330 3486 1380 3550 τόν
1403 3486 1469 3551 Δία.

544 3600 716 3666 Gestabant
737 3583 833 3682 igitur
855 3619 942 3663 senes
964 3598 1043 3661 hanc
1065 3596 1235 3679 lacernam,
1263 3596 1344 3680 quod
1366 3596 1446 3661 ,filiis
1467 3596 1619 3682 parciores
1640 3617 1707 3660 ma·

543 3713 633 3797 gisus
655 3712 741 3776 avari
763 3717 864 3791 erant,
893 3709 943 3777 vel
972 3710 1053 3794 quod
1076 3731 1145 3774 eam
1166 3715 1285 3791 gestare
1307 3713 1491 3774 consuerant
1512 3714 1548 3772 ut
1574 3728 1707 3773 commo-

544 3825 674 3903 diorem,
697 3845 791 3909 quam
813 3829 943 3887 atterere
965 3842 1014 3886 eos
1037 3841 1099 3885 non
1120 3820 1299 3905 poeniteret,
1328 3821 1419 3906 Vesp.
1444 3820 1555 3884 1122ιΙ
1647 3805 1650 3814 ’

775 3934 860 4003 οὔτοι
883 3935 957 3999 ποτὲ
981 3937 1041 4008 ζῶν
1065 3936 1172 3997 τοῦτον
1197 3935 1446 4019 ἀποδυθήσομαι,

776 4037 841 4113 ἐπεὶ
865 4045 958 4134 μόνος
981 4044 1014 4132 μ’
1042 4042 1144 4109 ἔσωσε
1165 4045 1437 4132 παρατεταγμένον,

777 4159 829 4225 ὅθ’
857 4162 872 4223 ὀ
898 4158 1006 4247 βορέας
1031 4158 1046 4221 ὁ
1073 4157 1166 4243 μέγας
1188 4158 1453 4245 ἐπεστρατεύσατο,

544 4278 569 4341 i.
594 4296 620 4338 a.
651 4273 754 4358 aquilo
782 4272 850 4351 ille,
880 4270 934 4355 qui
962 4270 1126 4334 Persarum
1142 4290 1247 4335 naves
1269 4270 1308 4334 ad
1329 4267 1533 4334 Artemisium
1555 4265 1707 4343 demersit,

544 4394 584 4453 ut
608 4387 695 4452 docet
716 4385 893 4450 scholiasta:
916 4388 947 4448 et
968 4382 1080 4446 iterum
1103 4403 1133 4446 v.
1159 4383 1240 4446 1127
1249 4408 1257 4445 :

545 4502 598 4567 καὶ
632 4500 689 4586 γὰρ
720 4496 863 4585 πρότερον
898 4497 1011 4580 (quum
1043 4494 1120 4558 forte
1153 4493 1287 4578 pretiosa
1310 4484 1403 4556 'roste
1437 4490 1565 4554 indutus
1598 4487 1710 4572 essem)

545 4611 778 4700 ἐπανθρακίδων
802 4610 997 4695 ἐμπλήμενος
1020 4605 1156 4670 ἀπέδωκ’
1182 4607 1311 4692 ὀφείλων
1333 4611 1379 4691 aqi
1400 4607 1510 4689 κναφεῖ
1535 4603 1626 4689 τριώβ
1666 4626 1710 4679 ον,

1472 4704 1504 4757 10
