4484 5467
1108 614 1303 673 ΣΦΗΚΕΣ

1105 785 1311 844 ΦΙΛΟΚΛΕΩΝ.

783 889 869 952 ταυτί
902 913 939 973 με
972 885 1107 963 ποιοδσ’;
1142 883 1240 969 οἴμοι,
1273 885 1301 947 τί
1333 885 1445 969 λέγεις,
1480 886 1523 957 ὥς
1554 911 1615 973 μου
1644 887 1695 948 τὸν
1724 886 1788 949 θῖνα

1454 1000 1616 1084 ταράττεις,

784 1112 834 1175 καί
854 1113 904 1175 τδν
928 1114 999 1175 νοδν
1024 1135 1082 1194 μου
1106 1111 1267 1194 προσάγεις
1286 1114 1410 1193 μᾶλλον,
1432 1109 1509 1174 κοδκ
1525 1110 1587 1173 οἶδ’
1606 1109 1665 1172 ὅτι
1682 1111 1788 1193 χρῆμά

1456 1246 1493 1305 με
1516 1226 1623 1292 ποιεῖς.

1092 1342 1326 1401 ΒΔΕΛΥΚΛΕΩΝ.
1368 1393 1371 1398 .

785 1444 893 1529 σκέψαι
914 1444 1012 1507 τοίνυν
1035 1444 1076 1512 ὡς
1098 1440 1165 1515 ἐξόν
1190 1466 1237 1505 σοι
1262 1446 1400 1506 πλουτεῖν
1424 1445 1474 1507 καί
1495 1449 1590 1508 τοῖσιν
1616 1444 1739 1521 ἅπασιν,

784 1555 842 1617 ὑπδ
865 1558 923 1618 τῶν
948 1556 994 1618 ἀεὶ
1015 1552 1201 1639 δημιζόντων
1227 1553 1282 1617 οὐκ
1306 1551 1366 1618 οἶδ’
1392 1553 1451 1639 ὅπη
1475 1556 1713 1641 ἐγκεκύκλησαι·

785 1666 864 1736 ὅστις
892 1664 1010 1729 πόλεων
1041 1664 1145 1751 ἅρχων
1174 1666 1337 1743 πλείστων,
1372 1666 1431 1730 ἀπδ
1465 1671 1518 1731 τοῦ
1548 1666 1667 1732 Πόντου
1702 1668 1788 1752 μέχρι

1454 1778 1603 1865 Σαρδοῦς,

786 1888 842 1960 οὐκ
870 1888 1032 1959 ἀπολαύεις
1060 1891 1137 1974 πλὴν
1167 1889 1255 1953 τοῦθ’
1287 1888 1303 1951 δ
1332 1889 1445 1974 φέρεις,
1480 1892 1589 1976 ἀκαρῆ.
1625 1892 1675 1954 καὶ
1705 1888 1789 1953 τοῦτ’

1456 2003 1527 2088 ἐρίιρ
1553 2026 1601 2066 σοι

783 2115 975 2187 ἐνστάζουσιν
988 2113 1062 2175 κατά
1080 2116 1184 2197 μικρὸν
1204 2114 1260 2190 ἀεί,
1275 2118 1328 2176 τοὺ
1347 2120 1401 2196 ζῆν
1418 2113 1513 2200 ἕνεχ’,
1530 2115 1635 2200 ὥσπερ
1651 2113 1789 2199 ἄλευρον.

785 2225 942 2312 βούλονται
958 2226 1014 2309 γοίρ
1032 2247 1064 2286 σε
1080 2223 1182 2307 πένητ’
1201 2224 1287 2300 εἶναι,
1303 2227 1352 2288 καὶ
1366 2226 1454 2290 τοῦθ’
1474 2226 1515 2288 ὧν
1532 2226 1633 2289 οὕνεκ’
1648 2227 1712 2311 ἐρῶ
1731 2249 1792 2289 σοι·

664 2519 687 2553 ν.
702 2501 759 2553 698.
794 2501 877 2552 τοίνυν
900 2499 926 2569 γ’
949 2500 1034 2568 vulgo.
1061 2499 1144 2551 τοίνυν
1168 2499 1309 2551 Brunckius
1337 2516 1351 2551 e
1377 2500 1406 2553 B.
1431 2500 1458 2554 (λ
1484 2506 1561 2553 τοῖσιν
1593 2500 1686 2554 ἅπασιν
1709 2503 1793 2571 vulgo.

698 2591 750 2642 τοῖς
770 2579 897 2653 ἀγαθοῖσιν
916 2583 999 2635 Βουίί.
1019 2584 1084 2636 coni.
1103 2583 1218 2636 πλουτεῖν
1238 2583 1278 2636 ίσα
1295 2591 1372 2636 τοῖσιν
1392 2584 1491 2637 ἄπαισιν
1510 2585 1630 2638 Reislrius
1648 2588 1793 2656 explicans:

701 2671 826 2734 „caelibes
853 2676 878 2723 eb
904 2670 990 2723 liberis
1017 2671 1153 2725 destitutos
1181 2688 1267 2724 ornnes
1295 2673 1440 2725 ambiebant
1463 2677 1488 2725 et
1514 2672 1639 2725 demereri
1663 2674 1794 2727 benefieiis

699 2757 835 2810 studebant
857 2773 903 2826 spe
925 2761 951 2811 et
972 2758 1090 2827 cupidine
1112 2759 1285 2813 hereditatisf‘
1320 2760 1408 2814 τοισίδ’
1432 2760 1521 2813 ίπασιν
1545 2760 1609 2813 Gob.
1628 2761 1722 2813 Mnem.
1742 2761 1758 2812 l.
1776 2761 1793 2813 l.

700 2840 828 2913 ἀγαθοῖσιν
846 2840 936 2895 ἅπασιν
954 2842 1046 2909 Bergk.
1065 2842 1104 2894 erl.
1123 2844 1155 2896 11.
1173 2879 1175 2881 -

665 2967 688 3000 v.
701 2948 759 3000 699.
796 2945 851 3000 ὅποι
876 2947 961 3015 vulgo.
989 2944 1037 3016 ὅπη
1057 2946 1149 2999 Suidas
1175 2948 1202 2998 in
1229 2948 1320 3018 ἀκαρές
1346 2946 1426 3011 (ὅπως
1448 2948 1482 2999 id.
1504 2964 1524 2999 s.
1547 2965 1571 3000 ν.
1594 2915 1793 3020 ἐγκεκδκλησαι)

700 3033 774 3086 Dind.
792 3032 884 3100 Bergk.

665 3159 688 3193 ν.
701 3140 759 3192 701.
795 3138 878 3210 ἀκαρῆ
897 3138 980 3206 vulgo.
1000 3137 1091 3208 ἀκαρὲς
1109 3137 1181 3190 Suid.
1200 3137 1309 3191 Brunck.

664 3261 687 3297 v.
700 3243 758 3295 τον.
794 3240 876 3293 ἔκιον
900 3240 932 3292 ν.
955 3240 1025 3293 eurr.
1049 3243 1074 3293 et
1097 3240 1176 3293 schol.
1200 3241 1277 3293 sserr.
1302 3240 1376 3293 einr.
1400 3240 1499 3293 ωπον.
1523 3240 1615 3309 Bergk.
1636 3239 1745 3313 ἄλευρον
1764 3199 1793 3291 α’.

700 3328 757 3382 Ald.
776 3327 843 3379 lunt.
861 3328 935 3380 Kust.
955 3326 1038 3395 Bergl.
1056 3326 1166 3379 Brunck.

663 3450 687 3484 ν.
701 3430 758 3484 703.
794 3428 890 3481 τουτων
909 3429 991 3493 (τοῦτ’
1014 3427 1050 3481 ὧν
1073 3430 1104 3481 R.
1123 3446 1173 3484 see.
1192 3430 1256 3494 Ιιιν.)
1279 3430 1356 3483 εἵνεκ’
1378 3430 1429 3502 ἐρῶ
1448 3449 1485 3484 σοι
1508 3432 1538 3484 R.
1558 3431 1589 3483 V.
1607 3445 1661 3482 sec.
1681 3430 1747 3485 Cob.
1765 3431 1811 3489 B„

698 3517 726 3569 Ο.
745 3512 772 3567 Γ.
790 3511 818 3568 Δ.
836 3511 933 3565 τοΰτων
952 3513 1020 3568 ἕνεκ’
1039 3513 1133 3586 ἔρρωσο
1153 3515 1209 3566 rblrl.
1228 3515 1294 3567 lunt.
1316 3516 1390 3567 Kust.
1413 3511 1489 3567 τοῦθ’
1513 3514 1549 3567 ὧν
1573 3512 1658 3567 οὕνεκ’
1687 3514 1741 3587 ἐρῶ
1758 3534 1794 3568 σοι

703 3602 813 3655 Brunek.
832 3601 906 3654 Dind.
924 3601 1051 3670 Hirsehig.
1071 3601 1107 3654 ὧν
1127 3601 1203 3655 εἵνεκ’
1223 3603 1298 3655 Bekk.
1319 3603 1410 3670 Bergk.
1430 3604 1563 3656 Praeterea
1586 3603 1654 3656 Flor.
1674 3602 1736 3656 Chr.
1755 3620 1795 3657 eo·

575 3907 581 3918 ,
679 3861 703 3895 v.
722 3842 780 3895 696.
806 3840 850 3891 τὸν
866 3837 924 3891 θῖνα
941 3844 1084 3913 ταράττειςι
1103 3844 1182 3896 schol.
1234 3844 1315 3914 δῆμον
1340 3844 1512 3907 ἀπατώντων,
1538 3849 1591 3894 τῶν
1616 3843 1790 3915 δημαγωγῶν.

630 3930 658 3982 ἐκ
677 3925 756 3999 βυθοῦ
775 3946 807 3994 με
825 3934 908 3984 κινεῖς,
926 3928 981 3979 ἀντί
997 3932 1043 3979 τοῦ
1061 3927 1107 3998 τἠν
1121 3947 1182 3999 καρ-
1235 3929 1304 3981 Alibi
1323 3946 1372 3983 non
1391 3931 1501 3985 occurrit
1518 3929 1585 3998 apud
1603 3932 1728 3984 comicos.

630 4015 692 4078 δίαν,
711 4017 737 4067 et
752 4014 782 4065 R.
802 4010 859 4064 θῖνα
878 4012 924 4081 τὴν
943 4012 1056 4085 καρδίαν,
1075 4013 1111 4071 ὡς
1130 4014 1184 4066 ἀνι·
1285 4034 1308 4068 ν.
1333 4018 1389 4069 701.
1429 4013 1505 4068 τοῦθ’
1533 4018 1549 4067 i.
1577 4033 1599 4069 e.
1627 4016 1657 4070 τὸ
1685 4019 1793 4087 ἱμάτιον,

629 4120 676 4170 μσς
693 4100 739 4170 τὴν
758 4099 852 4167 ἅμμον.
1234 4104 1277 4154 vix
1304 4106 1330 4153 et
1357 4118 1387 4155 ne
1413 4104 1457 4155 vix
1483 4102 1586 4171 quidem
1612 4119 1646 4156 ex
1675 4106 1793 4158 triobelia

1235 4193 1422 4256 comparatum
1441 4189 1501 4241 item
1519 4188 1628 4257 ἐμβάδας
1645 4194 1671 4243 et
1683 4208 1751 4259 quae
1763 4191 1794 4243 ad

1232 4275 1351 4325 vestitum
1377 4290 1465 4326 senum
1488 4291 1630 4344 pauperum
1654 4278 1792 4345 pertinent.

1283 4359 1353 4430 ἐρίιρι
1379 4361 1458 4413 schol.
1485 4360 1535 4413 ἀπὸ
1563 4368 1711 4434 μεταφορᾶς
1738 4369 1789 4414 τῶν

1231 4464 1263 4496 τα
1286 4445 1340 4496 ὦτα
1362 4444 1507 4515 ἀλγοΰντων
1530 4448 1573 4500 καὶ
1595 4446 1630 4500 δι’
1655 4447 1723 4520 ἐρίου
1742 4449 1791 4501 ἐπι-

1232 4533 1393 4599 σταζομένων
1411 4532 1493 4585 ἔλαιον
1513 4534 1580 4585 κατὰ
1598 4533 1690 4606 βραχΰ.
1719 4536 1789 4587 Dem.

679 4635 703 4671 ν.
722 4619 780 4671 699.
816 4617 974 4691 δημιζόντων
998 4646 1036 4668 =
1059 4621 1110 4667 τῶν
1138 4615 1181 4668 τὸν
1233 4618 1334 4684 θίγιιίίν.
1353 4618 1370 4670 3
1387 4634 1412 4687 ρ.
1430 4619 1463 4670 47
1482 4633 1564 4688 comp.
1584 4620 1732 4687 BergleruS.

678 4257 702 4293 v.
721 4201 779 4292 697.
814 4241 916 4310 χρημαι
944 4237 1023 4289 schol.
1048 4236 1081 4296 είς
1102 4238 1128 4289 τί
1151 4256 1183 4306 με

628 4323 767 4398 διαθησεις;
788 4327 863 4375 τοῦτο
882 4321 908 4373 δέ
927 4341 1001 4394 φησιν
1021 4322 1056 4382 ὡς
1075 4323 1124 4395 ἤδη
1138 4323 1182 4395 ἡτ-

627 4414 742 4483 τώμενος
763 4413 806 4464 καὶ
830 4410 949 4474 δεδοικὼς
977 4408 1013 4461 ὅτι
1036 4409 1074 4461 ἐπὶ
1097 4408 1182 4481 ξίφους
1254 4446 1259 4461 ι

627 4500 660 4552 τὰ
677 4504 723 4570 τῆς
742 4497 896 4571 δημηγορίας
916 4497 946 4567 ἠν
965 4496 1043 4565 αὐτῷ.
