4484 5467
558 651 599 717 82
943 650 1131 706 PROLEGOH.
1167 652 1280 706 GAPVT
1294 652 1331 705 111

558 843 621 888 esse
644 821 862 899 existimemus,
888 822 965 885 nihil
981 824 1112 907 profecto
1134 823 1273 909 impedit.
1317 824 1405 889 Certe
1427 825 1490 889 ista
1511 825 1631 890 ratione
1649 846 1699 890 na·

556 934 623 998 lum
643 934 753 1013 maius,
775 954 869 1018 quam
890 934 1137 999 coniecturarum
1159 935 1345 1018 farraginem
1367 936 1454 1015 duco,
1478 937 1602 1002 minore
1621 937 1701 1023 repri

556 1045 652 1109 mitur
683 1066 718 1108 ac
750 1052 919 1130 suparatur.
958 1084 999 1093 —
1037 1047 1073 1110 In
1105 1047 1246 1131 sequenti
1277 1046 1369 1111 huius
1402 1048 1537 1134 episodii
1571 1049 1701 1130 carmine,

556 1178 585 1223 v.
608 1157 787 1222 raa-736
801 1188 841 1212 =
857 1160 1045 1236 743-749,
1074 1158 1216 1243 expedita
1236 1160 1353 1240 omnia3
1375 1158 1640 1245 antistrophicum
1652 1181 1703 1225 esse

556 1289 661 1334 omnes
684 1270 869 1350 concedunt,
897 1272 950 1335 cfr.
972 1270 1081 1352 linger.
1110 1269 1131 1332 l.
1153 1270 1173 1333 l.
1195 1293 1225 1356 p.
1248 1272 1268 1334 2
1294 1277 1325 1335 et
1345 1294 1376 1356 p.
1399 1272 1429 1335 8.
1472 1271 1615 1337 Mettum
1643 1273 1703 1337 sim·

556 1380 761 1466 plicissimum
783 1388 840 1463 est,
862 1403 932 1446 cum
953 1382 1101 1447 trimetris
1122 1382 1262 1447 iambicis
1284 1384 1439 1448 coniuncti
1466 1382 1625 1463 dochmii,
1652 1404 1703 1449 ere·

555 1493 623 1571 tici,
646 1493 727 1577 quod
749 1494 975 1578 compositionis
997 1514 1093 1577 genus
1115 1494 1196 1578 apud
1217 1494 1346 1577 tragicos
1375 1496 1408 1560 in
1431 1517 1493 1561 usu
1517 1517 1586 1561 esse
1609 1502 1703 1561 notun

555 1609 610 1682 est,
633 1611 760 1689 quartus
782 1627 887 1671 versus
908 1606 1045 1671 trimeter
1066 1610 1113 1670 est
1134 1613 1336 1692 syncopatos,
1360 1608 1436 1678 arsis
1463 1609 1552 1673 enim
1580 1608 1704 1673 secunda

553 1715 692 1801 dipodiae
719 1718 836 1803 primae
864 1720 1011 1806 τρίσημος
1032 1723 1091 1783 est:
1121 1746 1148 1758 -
1160 1722 1186 1757 Δ
1199 1745 1224 1763 ν
1233 1724 1285 1789 ἐν
1311 1723 1339 1758 ss
1352 1745 1376 1761 ν
1388 1752 1414 1764 -
1440 1743 1466 1781 ,ν
1479 1725 1508 1759 -’-
1521 1748 1547 1768 ν
1561 1744 1607 1801 -;
1620 1721 1704 1807 septi-

553 1850 641 1893 mum
661 1834 692 1894 et
713 1836 854 1894 octavum
877 1831 952 1894 bene
974 1829 1121 1895 coartavit
1143 1828 1333 1906 Dindorfius,
1362 1835 1398 1893 ut
1426 1836 1508 1894 esset
1529 1836 1703 1916 tetrameter

553 1940 702 2005 iambicus
724 1942 914 2021 acatalectus,
937 1943 957 2006 i.
981 1963 1005 2004 e.
1026 1963 1088 2006 uno
1109 1947 1214 2005 tenore
1233 1940 1498 2025 pronunciandus,
1529 1944 1617 2025 quod
1633 1944 1704 2009 inter

553 2052 629 2117 duos
650 2053 845 2119 brevissimos
867 2075 971 2119 versus
993 2054 1106 2139 optime
1129 2052 1282 2131 sehabet,
1305 2052 1468 2136 modosque
1500 2053 1608 2121 reddit
1634 2057 1703 2121 inci·

552 2166 675 2230 tatiores
690 2172 721 2230 et
735 2166 938 2231 iucundiores.
971 2166 1072 2229 Huius
1096 2186 1168 2231 vero
1186 2165 1327 2250 strophae
1345 2186 1451 2229 versus
1467 2166 1588 2249 partim
1607 2168 1703 2232 acho·

553 2298 624 2360 rago
640 2277 703 2342 solo
720 2279 869 2356 recitatos
881 2278 995 2362 partim
1014 2277 1132 2342 achoro
1148 2282 1285 2341 cantatos
1303 2297 1368 2343 esse
1381 2282 1465 2362 puto,
1476 2278 1628 2344 recitatos
1642 2280 1702 2365 qui·

552 2389 622 2454 dem
632 2390 786 2454 trimetros
796 2410 897 2476 puros
910 2390 963 2454 sed
973 2390 1106 2474 reliquos
1118 2394 1270 2468 cantatos3
1289 2388 1384 2453 itaut
1401 2388 1565 2453 choreutac
1584 2412 1702 2479 respon·

553 2501 654 2565 derint
664 2498 985 2583 chorago'sententiarn
997 2501 1166 2583 inchoanti,
1178 2501 1314 2587 primum
1326 2500 1500 2564 dochmiaco
1510 2511 1702 2585 moechm

551 2612 681 2677 iambico
708 2620 871 2698 syncopato
897 2614 955 2677 usi.
999 2614 1112 2677 Versus
1142 2613 1273 2698 reliquos
1300 2618 1382 2677 totus
1416 2614 1554 2678 cantavit
1589 2617 1701 2696 chorus,

551 2724 649 2789 modis
670 2724 843 2810 paullulum
864 2725 1000 2804 mutatis,
1024 2724 1175 2808 rhythmo,
1198 2731 1234 2789 ut
1247 2745 1303 2810 par
1319 2730 1373 2803 est,
1395 2730 1524 2789 servato.
1563 2727 1701 2815 Quinque

550 2838 634 2901 enim
655 2843 729 2901 sunt
743 2843 850 2902 cantus
864 2843 966 2922 partes
989 2857 1085 2922 paene
1100 2837 1282 2920 aequabiles,
1304 2857 1411 2902 versus
1425 2836 1593 2922 secundus,
1616 2863 1700 2926 quar·

551 2956 608 3032 tus,
631 2950 758 3034 quintus
780 2969 852 3013 cum
873 2955 972 3028 serto,
1000 2949 1149 3035 septimus
1175 2971 1213 3013 ex
1241 2949 1355 3013 maiore
1375 2954 1476 3034 parte,
1505 2955 1637 3017 octavus
1656 2976 1699 3018 as·

548 3068 650 3126 sumta
678 3062 784 3147 aliqua
810 3062 933 3146 septimi
961 3062 1119 3147 particula.
1163 3061 1200 3125 In
1227 3061 1338 3145 quibus
1366 3060 1512 3151 canendis
1534 3063 1622 3129 modi
1644 3086 1699 3131 nou

547 3175 682 3239 multum
706 3174 924 3253 variabantur,
953 3174 998 3237 ita
1026 3179 1130 3238 tamen
1157 3179 1194 3237 ut
1221 3173 1401 3237 ereticorum
1428 3178 1459 3235 et
1492 3171 1698 3242 doehmiorum

546 3293 658 3351 natura
677 3286 758 3349 inter
779 3285 895 3350 iambos
918 3290 1153 3368 cognosceretur.
1664 3371 1685 3387 ι,

520 3379 532 3427 ²
633 3398 785 3462 Vltimum
813 3398 896 3462 chori
923 3403 994 3461 ante
1021 3398 1184 3482 parabasin
1205 3396 1375 3475 canticum,
1397 3417 1426 3460 v.
1449 3398 1649 3480 asu-873,
1669 3407 1698 3465 ut

545 3510 738 3595 responderet
770 3509 876 3573 statim
904 3510 1060 3593 sequenti,
1097 3532 1128 3575 v.
1163 3509 1358 3585 885-890,
1386 3530 1509 3574 versum
1539 3512 1604 3577 868
1633 3512 1696 3577 addi

544 3640 619 3704 opus
641 3620 708 3685 fuit.
753 3621 811 3699 At,
839 3619 920 3705 quod
948 3641 1041 3705 supra
1062 3640 1185 3684 monere
1206 3620 1309 3699 licuit,
1338 3640 1399 3683 non
1422 3625 1520 3704 potest
1542 3631 1628 3689 actor
1647 3625 1696 3689 tri·

544 3738 677 3796 metrum
709 3732 876 3797 iambicum
909 3734 1063 3798 cecinisse.
1121 3734 1220 3811 Quare
1255 3733 1352 3811 idem,
1385 3733 1466 3815 quod
1498 3733 1533 3798 in
1567 3737 1695 3801 carmine

542 3842 679 3928 proxima
706 3845 896 3910 antecedenti
924 3847 1133 3924 observabam,
1167 3846 1261 3909 etiam
1293 3845 1325 3908 in
1354 3844 1411 3908 hoc
1439 3846 1576 3911 carmine
1604 3855 1694 3914 stutu-

542 3954 656 4019 endum
684 3962 742 4034 est,
776 3957 901 4022 chorum
929 3958 1014 4022 aliud
1042 3958 1201 4036 cecinisse,
1235 3957 1319 4020 aliud
1348 3956 1500 4021 recitasse.
1552 3959 1614 4025 Sed
1642 3960 1693 4026 viri

541 4066 624 4131 docti
652 4068 712 4131 sibi
740 4088 802 4132 nou
830 4074 984 4148 constant,
1018 4068 1071 4132 alii
1100 4068 1175 4133 duos
1209 4068 1361 4132 trimetros
1388 4089 1510 4132 carmen
1531 4071 1692 4158 incepisse,

540 4182 594 4245 alii
621 4201 719 4245 unum
746 4182 869 4259 iubent,
897 4181 1072 4246 Dindorfius
1102 4187 1206 4246 autem
1227 4182 1261 4246 in
1283 4182 1470 4246 editionibus
1494 4181 1587 4247 aliter
1607 4175 1693 4269 atque

538 4292 572 4356 in
592 4293 671 4357 libro
692 4293 730 4356 de
751 4295 857 4358 metris
879 4316 985 4360 versus
1013 4295 1182 4359 constituit.
1225 4277 1339 4359 Versus
1369 4300 1443 4358 sunt
1472 4293 1617 4375 iambici,
1646 4294 1693 4360 ad·

539 4405 617 4468 iecto
650 4396 805 4484 dochmio,
840 4427 931 4489 quern
964 4407 1101 4488 Engerus
1136 4406 1376 4470 choriambicum
1405 4427 1477 4470 cum
1503 4405 1607 4472 iambo
1635 4417 1693 4472 &a

538 4514 630 4594 dixit,
659 4517 679 4579 l.
706 4518 726 4580 l.
753 4540 784 4602 p.
808 4518 836 4580 9.
886 4517 1005 4581 Iniuria
1032 4517 1153 4601 opinor,
1183 4518 1265 4600 quod
1294 4538 1366 4581 cum
1392 4517 1532 4582 versibus
1558 4519 1693 4586 iambicis

537 4627 713 4711 saepissime
728 4628 870 4709 dochmii,
887 4649 950 4694 non
967 4628 1013 4692 ita
1023 4648 1112 4713 saepe
1124 4628 1292 4693 choriambi
1301 4628 1400 4693 solent
1411 4628 1587 4695 consociari.
1616 4632 1692 4717 Apte
