4484 5467
1096 613 1293 684 ΣΦΗΚΕΣ

931 790 996 856 οἷον
1019 791 1266 877 μυκτὴρυκμᾶται
1310 785 1363 852 καί

929 901 1097 991 σφόνδυλος
1119 904 1201 989 σἰχεῖ·

1116 1026 1275 1088 Elateius.

1199 1124 1265 1190 πῆλ’
1293 1126 1466 1216 ἐλλέβορον.

1095 1252 1306 1313 ΦΙΛΟΚΛΕΩΝ.

512 1365 514 1369 ’
620 1370 687 1428 1490
927 1354 1058 1439 πλήσσει
1079 1351 1232 1439 Φρύνιχος
1254 1354 1297 1425 ὥς
1318 1378 1362 1426 τις
1384 1356 1519 1443 ἀλέκτωρ
1531 1391 1572 1402 .-

688 1615 739 1669 μης
767 1595 798 1649 li.
828 1593 860 1647 V.
893 1594 978 1661 uulgo.
1023 1592 1105 1666 ῥίιμης
1134 1594 1197 1648 Lob.
1227 1594 1323 1662 Phryn.
1353 1612 1379 1663 p.
1405 1596 1465 1649 404.
1494 1596 1590 1663 recepit
1619 1596 1697 1650 Diod.
1727 1597 1786 1649 Hir·

689 1683 768 1753 schig.
789 1679 909 1751 probauit
928 1680 1021 1751 Bergk.
1044 1678 1104 1734 ὑπαί
1128 1678 1232 1749 ῥὺμαις,
1255 1681 1303 1734 sub
1324 1680 1397 1747 loris,
1419 1681 1545 1736 Reiskius.
1584 1680 1645 1735 ὑπαί
1670 1683 1714 1736 uel
1735 1681 1785 1736 ὑπὸ

689 1769 771 1842 ῥύμης
792 1768 870 1821 Debr.

653 1875 678 1912 v.
692 1856 767 1911 1489.
802 1851 859 1908 πῖ9’
878 1853 930 1908 iii.
948 1855 979 1909 li.
998 1854 1029 1907 V.
1049 1852 1131 1923 ἐλλεβ.
1149 1854 1234 1923 vulgo.

654 1961 679 1999 ν.
693 1942 768 1997 1490.
803 1940 907 2012 πτήσσει
922 1941 955 1994 R.
973 1940 1071 2011 (πτήσει
1088 1940 1131 2004 V.)
1155 1940 1211 1993 nel.
1229 1939 1261 1994 V.
1278 1940 1310 1991 ll.
1331 1939 1380 2005 13,
1400 1940 1440 1994 17.
1457 1940 1541 2007 uulgo.
1576 1938 1682 2011 πλήσσει
1699 1940 1784 1994 Bentl.

691 2028 919 2083 Βτιιοο1.1ιινοεο.
936 2027 1055 2099 probavit
1071 2026 1177 2082 Porsen.
1208 2026 1367 2100 Quamquam
1385 2027 1507 2097 temporis
1524 2027 1667 2098 praesentis
1686 2026 1785 2085 formae

689 2114 875 2170 desiderantur.

622 2300 731 2372 ψαντος,
760 2292 963 2367 περιαγαγόντος.
1000 2291 1017 2361 ἡ
1047 2295 1179 2367 μεταφορὰ
1227 2295 1295 2350 Flor.
1319 2295 1379 2349 Ghr.
1400 2296 1450 2350 hoc
1475 2295 1533 2364 ipso
1555 2310 1632 2348 uersu
1654 2295 1786 2361 refutavit,

622 2384 671 2438 ἀπὸ
689 2388 742 2436 τῶν
761 2380 932 2435 παλαιόντων.
968 2378 1074 2433 Theocr.
1093 2380 1112 2444 Ι,
1138 2380 1179 2435 97.
1229 2381 1262 2434 ad
1287 2398 1362 2451 quem
1389 2382 1526 2435 scholiasta
1550 2382 1680 2435 contraria
1707 2397 1786 2435 anno-

623 2472 655 2525 cf.
672 2470 748 2523 llein.
767 2467 795 2520 Ο.
813 2466 837 2519 11
849 2482 875 2534 p.
888 2464 947 2518 566.
965 2493 999 2501 -
1017 2463 1093 2539 pipp,
1111 2467 1179 2536 quaed
1228 2468 1299 2521 tavit.
1317 2468 1407 2521 -De
1425 2466 1520 2521 Galliae
1536 2468 1694 2536 fragmento,
1712 2468 1785 2521 scho-

621 2555 750 2611 Lobecluio
769 2552 888 2615 debetur,
906 2550 955 2603 hoc
973 2550 1030 2604 loco
1048 2567 1099 2605 non
1116 2545 1180 2605 mul'·
1228 2554 1319 2607 liastae
1329 2554 1442 2619 laudato,
1459 2543 1785 2623 vid.uein.0.11p.742.

623 2647 678 2696 tum
705 2640 789 2693 differt
816 2654 832 2689 a
857 2635 962 2705 uulgata
985 2635 1072 2709 pilipp,
1099 2638 1179 2692 altero
1229 2639 1288 2694 108.
1314 2640 1369 2694 lnd.
1387 2639 1412 2692 V
1429 2656 1449 2693 s.
1467 2657 1492 2693 ν.
1510 2638 1649 2708 ἐλλέβορος.

536 2747 538 2751 ·
622 2729 756 2795 impetum,
766 2723 845 2776 altera
863 2722 913 2773 vim
925 2722 1088 2791 nigeremque
1100 2725 1179 2793 signi·
1277 2743 1301 2779 n.
1322 2725 1395 2779 1490.
1429 2725 1533 2797 πτήσσει
1550 2721 1691 2798 Φρόνιχοςι
1704 2726 1783 2779 schol.

622 2813 727 2875 ficante;
756 2808 804 2862 sed
831 2809 916 2860 exstat
945 2808 1074 2863 simillimo
1103 2809 1178 2863 Pacis
1226 2811 1347 2885 παροιμία
1364 2811 1404 2865 ἐπὶ
1419 2817 1472 2865 τῶν
1490 2809 1571 2864 κακόν
1583 2829 1608 2863 τι
1619 2811 1786 2885 πασχόντων,

623 2914 700 2952 versu
713 2895 747 2950 86
764 2892 892 2966 πτιρίιρων
908 2891 983 2966 pipp.
1000 2894 1178 2949 σ1.Αν.1189.
1228 2895 1277 2950 ἀπό
1301 2893 1429 2972 Φρυνίχου
1453 2899 1499 2950 τοῦ
1525 2900 1654 2969 τραγικοῦ.
1683 2896 1786 2971 υποκρι-

623 2984 692 3039 Nub.
704 2982 763 3036 407.
782 3009 816 3019 -
834 2979 892 3033 Alia
905 2980 1007 3032 notione
1020 2981 1098 3033 utitur
1111 2980 1178 3053 ῥ”ιμη
1230 2983 1336 3053 νόμενον
1353 2985 1400 3056 γὰρ
1418 2982 1495 3037 αὐτόν
1513 2984 1560 3052 τὴν
1578 2980 1700 3054 Μιλήτου
1719 2984 1786 3037 ἅλιο-

624 3073 650 3135 (a
667 3069 727 3140 ῥέοι)
744 3067 845 3125 Eccles.
863 3066 888 3120 4.
915 3066 947 3121 cf.
965 3065 1021 3119 lud.
1039 3083 1081 3135 ap.
1099 3068 1133 3122 ii.
1152 3067 1180 3122 0.
1231 3088 1268 3123 σιν
1286 3070 1309 3123 el
1322 3065 1459 3143 Ἀθηναῖοι
1480 3068 1649 3143 δακρΰσαντες
1668 3068 1786 3140 ἐξέβαλον

623 3156 686 3211 Vs.
705 3171 729 3209 v.
1230 3154 1361 3210 δεδοικότα
1389 3157 1433 3209 καὶ
1460 3155 1662 3229 ὑποπτήσσοντα.
1709 3157 1788 3222 Quam

1230 3244 1333 3312 proprie
1351 3242 1382 3295 de
1399 3243 1490 3296 avibus
1508 3244 1603 3296 dictum
1614 3243 1650 3294 sit
1661 3243 1789 3314 πτήσσειν,

1230 3329 1354 3398 exemplis
1372 3328 1456 3381 allatis
1474 3328 1562 3382 docuit
1577 3328 1696 3396 Bergion.
1714 3329 1747 3382 ad
1766 3345 1788 3382 τ.

1231 3414 1283 3467 Sed
1315 3418 1401 3468 tamen
1435 3414 1545 3468 Bentleii
1580 3414 1741 3479 emendatio,
1775 3432 1790 3466 a

1232 3499 1368 3565 Brunckio‚
1388 3503 1442 3553 tum
1460 3518 1476 3553 a
1492 3500 1617 3553 lleinekio
1637 3500 1667 3555 G.
1679 3502 1693 3554 Ι
1704 3518 1731 3569 p.
1743 3500 1789 3554 149

1233 3586 1310 3639 tacite
1326 3589 1443 3654 recepta,
1465 3585 1570 3657 πλήσσει
1590 3587 1676 3655 magis
1695 3588 1789 3656 placet:

1233 3672 1364 3725 nonenim
1376 3672 1437 3738 galli
1449 3674 1489 3725 est
1507 3672 1634 3741 πτήσσειν,
1652 3673 1699 3725 sed
1713 3672 1788 3744 πλήσ-

1234 3776 1283 3810 σειν
1301 3758 1388 3827 potius
1406 3758 1466 3822 alis,
1490 3757 1591 3826 quando
1612 3762 1738 3811 cauturus
1754 3761 1792 3811 est

673 3294 698 3331 v.
723 3274 797 3329 1488.
844 3273 961 3346 μυκτὴρι
995 3274 1100 3326 uerbum
1129 3277 1180 3326 tra-

623 3362 687 3432 gicis
704 3362 843 3425 usitatum3
866 3359 971 3432 μυκτὴρ
995 3366 1120 3429 μυκᾶται,
1138 3377 1182 3413 na·

623 3449 658 3502 ris
677 3448 770 3515 mugit,
788 3446 868 3498 etiam
886 3446 1011 3513 Aeschyli
1029 3447 1180 3500 cothurnum

623 3534 733 3588 excedit.
766 3531 824 3584 Non
848 3532 948 3597 minus,
977 3531 1045 3601 quod
1068 3534 1184 3601 proxime

624 3620 750 3688 sequitur,
777 3616 922 3689 σφόνδυλος
948 3617 1017 3691 dxci:
1049 3622 1184 3687 utrumque

625 3705 692 3758 enim
711 3704 817 3757 uerbum
836 3704 989 3773 tragicorum
1002 3707 1049 3768 est,
1067 3703 1112 3757 sed
1125 3710 1184 3758 con·

626 3790 722 3843 iunctio
740 3790 845 3843 comica.
881 3790 1015 3842 Praeterea
1040 3790 1105 3842 hudit
1131 3807 1184 3843 am·
1356 3844 1361 3855 ,
1468 3844 1474 3855 ,
1505 3844 1510 3855 ,

625 3876 749 3945 biguitate
766 3875 905 3929 verborum
923 3874 1071 3947 σφόνδυλος,
1088 3877 1185 3949 τρόχη·
1235 3846 1312 3911 atque
1329 3843 1392 3896 ³¹¹³⁸
1405 3859 1561 3913 ⁸³⁰p¹⁸⁸¹m⁰'
1579 3872 1614 3881 ““
1630 3844 1792 3913 Phryniehus

625 3961 670 4021 ιιι
694 3965 721 4014 et
744 3959 889 4033 ιφοιοοιη,
913 3962 1008 4026 uincta,
1035 3962 1094 4015 Pae.
1120 3962 1186 4015 iou
1236 3944 1313 3998 9⁰³⁰
1340 3944 1392 3983 ¹¹⁰ss
1417 3928 1554 3997 l³s0⁶l⁰⁵
1576 3929 1620 4027 ma
1643 3930 1792 4028 nonaum.

1236 4030 1302 4079 mus,
1314 4030 1389 4083 quem
1401 4030 1525 4084 nusquam
1537 4018 1681 4083 exagitavit
1692 4016 1792 4077 Noster,

1237 4101 1284 4154 sed
1314 4101 1420 4153 saltator
1448 4101 1638 4170 impurissimus
1668 4105 1723 4167 est,
1751 4102 1794 4171 qui

1237 4203 1298 4239 num
1310 4186 1378 4240 Nub.
1392 4185 1458 4239 1092
1476 4201 1526 4239 sec.
1543 4186 1624 4239 schol.
1641 4188 1793 4241 sententiam

1238 4275 1370 4339 tangatur,
1395 4274 1520 4325 incertum
1545 4287 1602 4325 esse
1628 4273 1696 4326 dixit
1721 4274 1793 4326 liein.

1239 4358 1256 4412 l.
1273 4359 1290 4411 l.
1326 4358 1364 4411 of.
1386 4358 1464 4411 schol.
1487 4358 1536 4411 Au.
1555 4357 1614 4411 750.
1642 4356 1743 4413 Andoc.
1764 4358 1793 4410 de

627 4046 663 4106 ὡς
685 4048 702 4118 ἡ
721 4045 850 4121 σφονδίνλη
870 4046 998 4119 φεὺγουσοι
1015 4047 1188 4120 πονηρότατον

630 4132 695 4204 βδεῖι
729 4135 815 4203 λίποιτο
845 4134 986 4188 scholiasta
1016 4137 1097 4188 recte:
1128 4134 1188 4193 ἴσως

631 4219 735 4293 σίσρρόν
752 4239 777 4272 τι
794 4218 927 4293 πεποίηκε,
945 4220 999 4275 scil.
1018 4221 1116 4275 ventris
1136 4236 1189 4274 cre-

626 4308 713 4378 pitum
732 4305 828 4361 emitto.

683 4461 707 4497 ν.
720 4444 794 4499 1489.
813 4444 1190 4509 Scholiastaeobservationem,
1239 4448 1315 4512 myst.
1338 4462 1364 4513 p.
1387 4444 1429 4498 84.
1458 4444 1544 4497 Hotib.
1568 4461 1595 4512 p.
1620 4443 1678 4498 lll'.
1713 4443 1793 4496 Bentl.

628 4526 689 4583 πῖθι
711 4530 742 4583 de
765 4531 910 4599 pharmacis
934 4531 1077 4595 sumendis,
1098 4531 1138 4584 πίε
1160 4531 1192 4584 de
1240 4530 1272 4583 de
1289 4546 1325 4583 or.
1343 4533 1408 4598 trag.
1430 4547 1458 4598 p.
1477 4530 1525 4584 147
1534 4545 1572 4598 sq.
1603 4530 1694 4584 Valclx.
1716 4528 1792 4599 prael

631 4615 791 4684 quotidianis
808 4619 955 4688 petionibus
968 4617 1018 4670 dici
1031 4618 1112 4670 solere
1124 4619 1192 4670 recte
1240 4616 1312 4670 Phal.
1324 4615 1372 4685 Ep.
1384 4632 1411 4685 p.
1420 4616 1472 4670 XII
1480 4633 1518 4687 sq.
1530 4616 1630 4671 Nauck.
1646 4618 1680 4670 tr.
1693 4616 1724 4671 n.
1736 4614 1792 4669 561.
