4484 5467
1018 624 1215 686 ΣΦΗΚΕΣ

693 807 823 894 λύχνους
846 804 969 893 ἔχοντες
990 806 1040 870 καὶ
1064 805 1265 892 μινυρίζοντες
1289 804 1366 892 μέλη

693 918 1210 1006 ἀρχαιορελεσιδωνορρυνιχήρατα,

693 1033 738 1103 οἷς
761 1028 964 1111 ἐκκαλοῦνται·
978 1033 1095 1094 τοῦτον.

1018 1180 1182 1255 ,εονιικ

1103 1279 1227 1358 οὐκοῦν,
1249 1279 1285 1364 ἢν
1310 1279 1376 1364 δέη,

693 1397 754 1483 ἤδη
777 1394 845 1460 ποτ’
871 1392 982 1464 αὐτοὺς
1003 1396 1067 1463 τοῖς
1090 1392 1188 1462 λίθοις
1212 1393 1416 1480 βαλλήσομεν.

1001 1526 1238 1585 ΒΔΡΛΥΚΑΕΩΝ.

692 1630 755 1696 ἀλλ’
771 1630 807 1692 7ὦ
829 1629 943 1715 πονηρὲ
965 1628 998 1693 τό
1022 1628 1109 1713 γένος
1131 1626 1169 1712 ἦν
1193 1651 1236 1697 τις
1258 1626 1366 1713 δργίση

690 1744 723 1808 τδ
746 1746 806 1807 τῶν
829 1741 988 1828 γερόντων,
1013 1738 1083 1805 ἔσθ’
1109 1738 1216 1825 ὅμοιον
1241 1745 1363 1826 σφηκιᾷ.

573 1873 584 1887 ’
695 1854 803 1941 ἔχουσι
825 1854 881 1941 γὰρ
904 1855 953 1919 καὶ
974 1852 1095 1939 κέντρον
1119 1851 1153 1916 ἐκ
1175 1855 1231 1936 τῆς
1253 1840 1390 1936 δσρόοςΙ

693 1966 846 2044 ὀξύτατον,
870 1960 896 2052 qi
919 1968 1067 2043 κεντοῦσι,
1090 1964 1140 2028 κάὶ
1161 1960 1338 2059 κεκραγότες
1450 2041 1453 2046 Ι

691 2082 811 2166 πηδῶσι
834 2080 883 2143 καὶ
906 2081 1068 2168 βάλλουσιν
1092 2076 1195 2162 ὥσπερ
1218 2075 1359 2173 (ρέψαλοι.
1466 2077 1470 2084 “

605 2385 724 2441 καλοῦσίν
747 2388 774 2458 γ’
793 2387 831 2440 ἀεὶ
848 2387 958 2440 Bruuck.
977 2383 1183 2455 παρακαλοῦντές
1201 2384 1231 2452 μ’
1251 2384 1288 2437 ἀεὶ
1306 2385 1363 2438 hid.
1381 2385 1449 2439 qut.
1475 2388 1553 2443 Kust.
1587 2387 1624 2442 An
1642 2404 1672 2439 τι·
1722 2435 1723 2454 ,

604 2475 755 2548 ρεκκαλοῦσ)
774 2491 820 2543 pro
837 2492 865 2543 γε
882 2478 992 2548 napata?
1009 2474 1046 2526 ita
1063 2471 1140 2525 etiam
1157 2469 1273 2539 Lenting.
1722 2465 1723 2474 ’

568 2605 592 2641 ν.
605 2589 664 2641 220.
699 2588 862 2643 Aristarchus
884 2603 935 2639 sec.
954 2585 1032 2641 schol.
1050 2585 1112 2654 legit
1135 2582 1227 2658 ἀρχαῖα
1248 2572 1425 2659 μελισιδωνορ.
1452 2587 1625 2657 ἥσω-μελε
1640 2586 1678 2641 διό

607 2674 652 2726 das
670 2680 690 2726 s.
712 2691 735 2727 ν.
756 2674 859 2749 ἀρχαῖος
878 2676 903 2726 et
921 2671 1050 2744 μινυρίζω.
1081 2671 1143 2725 Cod.
1163 2672 1194 2723 R.
1218 2672 1330 2724 servarit
1347 2672 1493 2728 Aristarchi
1519 2676 1680 2730 lectionemu

606 2764 692 2830 parte:
712 2760 805 2835 ἀρχαῖα
824 2760 936 2834 μελησιδ.
971 2759 1042 2812 Libri
1058 2759 1178 2827 impressi
1196 2757 1375 2832 ἀρχαιομελησ.
1394 2765 1454 2814 antu
1474 2762 1640 2828 Diudorfium,
1653 2759 1681 2831 η’

606 2848 633 2899 iu
647 2847 785 2900 Oxouiensi
797 2877 830 2884 -
841 2847 905 2920 μελη
916 2876 948 2883 -
958 2848 985 2898 in
997 2845 1134 2897 Parisiensi
1153 2872 1186 2881 —
1197 2844 1253 2913 μελι
1261 2871 1297 2883 -
1308 2846 1423 2915 scripsit3
1441 2877 1477 2886 -
1487 2848 1546 2919 μέλι
1559 2878 1592 2889 -
1603 2848 1683 2917 Bergh

608 2962 641 2969 —
652 2932 716 3004 μελη
728 2962 761 2969 -
778 2934 907 2986 revocavit
925 2932 1051 2998 Hirschig.
1064 2930 1197 2983 chraeus
1215 2932 1242 2982 iu
1254 2930 1360 2984 Aduers.
1378 2932 1540 2989 dubitanter:
1559 2954 1593 2989 an
1604 2937 1684 3009 ἀρχαι

607 3017 672 3087 μελῆ
696 3016 985 3090 Σιδωνορρυνιχηρυτοιῗ
1019 3015 1130 3067 Oobetus
1152 3019 1212 3084 posi
1238 3017 1414 3071 Aristarchum
1441 3021 1548 3095 α’ρχαῐα·
1562 3021 1685 3092 μελισιδυν.

607 3105 688 3169 Quid?
720 3104 742 3156 si
776 3091 890 3171 legamus
923 3102 1016 3176 ἀρχαῖα
1051 3100 1129 3173 μέλη,
1167 3097 1351 3173 Σιδωνοφρυν.,
1378 3106 1407 3155 ut
1442 3104 1484 3156 his
1524 3105 1636 3174 positum
1664 3104 1687 3156 sit

607 3189 689 3261 μέληῖ
730 3187 805 3252 Quod
828 3189 922 3256 optime
946 3187 1038 3239 dixerit
1059 3187 1095 3250 is,
1120 3186 1164 3254 qui
1187 3202 1304 3239 somnum
1327 3204 1418 3257 capere
1435 3194 1521 3257 parat.
1562 3192 1628 3245 'lhun
1642 3203 1687 3243 ιετο

607 3306 640 3314 -
659 3275 770 3344 μελε-
788 3288 839 3325 non
856 3302 890 3310 -
908 3272 973 3345 μελη
992 3300 1024 3309 -
1043 3271 1090 3323 suit
1108 3271 1278 3325 scribendum.
1314 3272 1363 3325 Pro
1382 3303 1415 3311 -
1433 3273 1503 3329 δωνο
1522 3306 1557 3317 -
1577 3277 1632 3332 cod.
1643 3276 1688 3331 Vat.

607 3364 636 3415 P.
656 3360 817 3433 -δωρο-.

571 3484 596 3519 ν.
609 3464 667 3519 itu.
702 3461 865 3537 κεκραγότεςι
884 3461 970 3518 malim
989 3467 1135 3541 τετριγότες.

590 3713 613 3752 ν.
633 3688 691 3751 220.
721 3687 919 3772 δρχαιομελεοιδ.
949 3691 1093 3750 Secundum
1143 3701 1257 3770 ποιητοῦ.
1275 3694 1439 3750 civalckeu.
1458 3694 1521 3748 Eur.
1539 3690 1693 3751 proauus.

539 3786 714 3840 Aristarchum
737 3783 805 3853 apud
826 3782 905 3835 schol.
924 3785 1093 3853 compositum
1145 3785 1219 3837 Mein.
1240 3784 1310 3837 Com.
1328 3783 1341 3835 I
1358 3797 1385 3849 p.
1397 3781 1443 3845 493
1466 3780 1504 3835 IV
1522 3799 1549 3851 p.
1562 3783 1623 3837 632.

539 3871 644 3925 verbum
661 3874 700 3923 est
721 3870 832 3923 ἀπὸτοῦ
851 3868 907 3937 μέλι
925 3870 967 3921 καὶ
989 3874 1035 3922 τοῦ
1054 3866 1094 3922 Σι-
1196 3905 1220 3940 v,
1239 3886 1297 3939 μην,
1331 3884 1372 3937 Ad
1393 3890 1446 3942 τοῖς
1467 3884 1520 3938 vid,
1544 3886 1616 3941 Rois,
1634 3885 1695 3941 Cant.

540 3957 621 4014 δῶνος
638 3957 681 4008 καὶ
701 3960 747 4008 τοῦ
765 3953 893 4028 Φρυνίχου
915 3956 1019 4008 καὶτοῦ
1038 3956 1094 4029 ἐρα·
1133 3990 1158 4043 ρ,
1176 3975 1210 4026 44
1227 3978 1253 4026 θη
1269 3989 1295 4041 Ι),
1314 3972 1371 4024 μμ),

539 4043 593 4095 τόν.
624 4042 769 4095 Secundum
782 4042 846 4094 alios
858 4042 989 4114 πεποίηται
1001 4041 1017 4113 ἡ
1031 4039 1095 4102 λέξις

539 4131 607 4202 παρὰ
625 4128 655 4181 τὸ
673 4130 777 4201 ἀρχαῖον
801 4128 843 4179 καὶ
865 4126 894 4180 τό
912 4128 988 4197 μέλος
1006 4128 1049 4179 καὶ
1065 4127 1094 4179 τδ

540 4213 622 4269 Σιδὼν
632 4214 712 4268 καὶτὸ
725 4211 849 4286 Φρύνιχος
858 4214 901 4265 καὶ
910 4211 939 4265 τδ
949 4213 1047 4287 ἐρατόν.
1058 4212 1096 4266 De

540 4301 685 4371 Phrynicho
708 4300 800 4353 schah:
822 4298 962 4373 τραγῳδίας
984 4299 1096 4371 ποιητής,
1196 4301 1220 4336 V·
1239 4282 1297 4339 225·
1322 4280 1699 4358 3⁶<pt'2052viil-Prolw-5sssqq·

541 4388 568 4447 δς
586 4388 677 4461 ἔγραψε
694 4386 778 4459 δρᾶμα
791 4382 931 4449 Φοινίσσας,
949 4384 973 4437 έν
992 4380 1013 4457 ᾦ
1033 4386 1096 4455 μέμ·
1196 4403 1219 4440 ν.
1238 4387 1296 4441 227.
1324 4388 1443 4461 φέψαλοιε
1462 4388 1545 4443 schol.
1565 4386 1700 4462 σπινθῆρες,

1196 4093 1219 4129 ν.
1239 4074 1297 4129 224.
1340 4078 1447 4148 σφηκιᾷι
1469 4073 1552 4129 schol.
1581 4076 1637 4132 ἀντὶ
1659 4078 1697 4130 τοῦ

1146 4163 1287 4236 σφηκώδεις
1305 4161 1350 4214 εἰσὶ
1366 4162 1409 4213 καὶ
1426 4161 1587 4233 κεντρώδεις.

431 4481 436 4491 ‘
532 4493 613 4547 νηται
631 4470 769 4526 Σιδωνίων.
804 4471 836 4524 τό
855 4470 881 4524 δὲ
904 4470 968 4543 μέλη
990 4472 1049 4541 (leg.
1066 4471 1096 4523 τὸ
1145 4474 1212 4526 idem
1229 4474 1390 4542 signitAch.
1409 4475 1468 4529 666.
1484 4475 1547 4543 Lyn.
1561 4477 1612 4531 107
1631 4477 1700 4550 ηιψό·

541 4558 568 4611 δέ
591 4558 658 4629 μέλι)
676 4559 731 4614 εἴτε
753 4558 793 4612 διὰ
815 4557 861 4631 τὴν
884 4557 1028 4630 γλυκότητα
1050 4562 1095 4611 τοῦ
1142 4550 1538 4625 ’λνξ,εε(1Δοίι.278ίυωυυι.
