4484 5467
823 1914 1100 1986 ΠΑΡΑΒΑΣΙΣ
1133 1909 1297 1979 ΧΟΡΟΥ
1329 1907 1491 1978 Buten.

585 2179 651 2237 1265
737 2162 887 2232 Πολλάκις
910 2161 946 2246 δὴ
966 2156 1044 2231 'ini'
1071 2157 1196 2243 ἐμαυτῷ
1218 2158 1314 2230 δεξιὸς
1336 2154 1510 2241 πεφυκέναι,
1632 2181 1695 2243 στρ.

889 2274 940 2338 καὶ
962 2271 1064 2341 σκαιὸς
1086 2271 1293 2335 οὐδεπώποτε·

736 2385 799 2453 ἀλλ’
822 2383 971 2472 Ἀμυνίας
995 2385 1011 2449 ὁ
1034 2384 1151 2449 Σέλλου
1176 2387 1291 2468 μᾶλλον
1316 2384 1370 2449 οὑκ
1391 2386 1450 2449 τῶν
1474 2382 1659 2473 Κρωβύλου,

615 2665 639 2703 ν.
654 2645 728 2700 1265.
763 2640 1016 2718 δῆδοξάμαυτῷλλᾱ.
1029 2642 1054 2696 δ’
1073 2641 1251 2714 ἧδυξαίμαυτῷ
1271 2642 1505 2697 Grat.1nnt.1540.
1524 2642 1555 2712 δὴ
1574 2640 1646 2703 ’δόξα
1665 2643 1742 2711 ’μαυ-

650 2734 688 2804 uqi
706 2733 773 2786 lunt.
793 2731 878 2799 vulgo.
902 2727 956 2791 δόξ’
981 2729 1085 2801 ἐμαυτῷ
1108 2730 1218 2783 correxit
1238 2730 1344 2784 Porsen.
1362 2727 1422 2790 ’eet’
1443 2728 1500 2799 ἀρ’Ι
1513 2728 1582 2799 αὐτῷ
1609 2728 1642 2782 V.
1671 2744 1692 2782 s.
1712 2728 1742 2782 G.

650 2820 768 2888 Burgesii
794 2818 964 2882 coniecturae,
992 2819 1083 2887 quibus
1105 2818 1154 2871 hoe
1176 2834 1276 2886 quoque
1299 2819 1426 2871 canticum
1448 2818 1557 2872 tentarit
1578 2820 1605 2870 et
1625 2818 1744 2887 eorrupit

652 2904 732 2958 Ciues.
749 2904 833 2957 Ieuru.
851 2902 946 2955 XXXI
963 2920 988 2972 p.
1006 2903 1038 2955 41
1058 2918 1104 2970 νη,
1122 2905 1237 2981 repetere
1254 2902 1415 2972 supersedeo.

616 3024 640 3061 ν.
655 3007 728 3061 1267.
764 3001 913 3079 Κρωβΰλων
931 3002 963 3058 V.
982 3018 1032 3058 sec.
1051 3003 1112 3057 Oob.
1132 3009 1158 3057 et
1175 3003 1246 3058 Suid.
1264 3018 1284 3057 s.
1303 3022 1326 3058 v.
1341 3002 1475 3075 Ἀμυνίας.
1493 2999 1635 3078 Κρωβύλου
1654 3006 1742 3075 raige.

633 3250 657 3286 ν.
677 3230 751 3285 1265.
786 3228 938 3283 Parabutiea
955 3228 1018 3282 haee
1035 3229 1075 3282 vel
1089 3246 1135 3298 pa·
1186 3227 1279 3289 Σέλλος
1296 3228 1344 3282 οὒκ
1360 3228 1392 3301 ἦν
1411 3228 1489 3283 αυτοῦ
1508 3230 1602 3304 πατήρ,
1620 3231 1677 3285 ἀλλ’
1696 3226 1743 3285 Αί-

582 3319 681 3375 rabasis
704 3318 784 3370 altera
805 3332 907 3385 parum,
934 3317 963 3367 ut
988 3315 1042 3369 eius
1067 3316 1136 3368 modi
1186 3316 1281 3390 σχίνου.
1307 3315 1349 3369 ἵνα
1366 3314 1409 3369 οὖν
1428 3316 1472 3369 καὶ
1492 3316 1536 3369 τὸν
1553 3311 1679 3387 Ἀμυνίαν
1697 3319 1744 3371 καὶ

584 3405 697 3461 earmina
713 3403 809 3468 solent,
833 3417 891 3455 eum
914 3402 1012 3454 actione
1034 3401 1137 3454 fabulae
1185 3402 1229 3455 τὸν
1251 3397 1372 3476 Αἰσχίνην
1395 3401 1545 3477 κωμῳδήαη
1568 3402 1605 3463 ὡς
1622 3404 1744 3477 πένητας,

584 3493 709 3547 cohaeret.
749 3488 801 3543 Sed
830 3491 868 3542 eet
897 3490 983 3541 tamen
1008 3487 1137 3541 canticum
1185 3492 1261 3542 τοῦτο
1279 3488 1364 3554 εἶπεν).
1399 3490 1437 3543 De
1455 3490 1580 3558 Amynia‚
1600 3490 1644 3558 qui
1662 3505 1745 3559 supra

584 3576 769 3648 quedammodo
804 3591 862 3629 eum
893 3589 970 3628 scena
999 3573 1139 3626 norissima
1187 3575 1746 3649 ν.75ριλόπυβοςᾱ1οἰίιιν,πλινθίου

585 3679 734 3719 connexum.
770 3660 868 3714 (iherus
886 3660 965 3725 enirn,
988 3659 1032 3712 ubi
1051 3673 1138 3711 senem
1186 3679 1211 3716 ν.
1246 3661 1284 3715 De
1314 3662 1377 3716 Selii
1405 3662 1458 3715 filie
1487 3661 1539 3716 vid.
1568 3662 1602 3715 ad
1629 3678 1654 3715 ν.
1682 3661 1744 3717 325.

584 3764 723 3821 pauperem
740 3750 816 3817 atque
834 3746 1004 3799 abstinentem
1015 3744 1138 3799 ridetce·
1186 3748 1229 3801 Ad
1252 3747 1349 3817 μᾶλλον
1371 3748 1451 3802 schol.
1472 3745 1503 3800 ἐκ
1525 3750 1570 3800 τοῦ
1592 3749 1745 3821 προειρημέ-

584 3838 718 3891 missatum
739 3834 787 3899 ire,
809 3848 837 3886 se
859 3834 943 3901 ipsum
965 3832 1033 3885 idem
1053 3832 1137 3885 faeere
1186 3852 1230 3888 νου
1248 3833 1420 3908 προσληπτέον
1437 3832 1468 3887 τὸ
1492 3832 1579 3893 σκαιός
1602 3851 1645 3904 μοι
1663 3833 1742 3895 ἔδοξεἸ

583 3938 660 3995 posse
677 3922 779 3975 fatetur.
808 3919 876 3972 Dum
893 3920 970 3989 igitur
982 3934 1067 3972 senem
1079 3932 1138 3988 pro·
1187 3920 1280 3985 Quidni
1298 3914 1359 3973 eum'
1372 3921 1488 3973 irrisione
1511 3920 1684 3989 supplendum
1702 3919 1744 3974 δι·
1811 3978 1816 3988 ,

585 4011 642 4074 bat,
666 4024 693 4061 se
716 4007 800 4076 ipsum
819 4002 897 4067 δεξιὸν
917 4009 943 4058 et
961 4004 1048 4059 σκαιὸν
1067 4004 1136 4058 οὔδε·
1187 4005 1236 4068 ξιὸς
1245 4007 1288 4059 καὶ
1297 4004 1383 4066 σκαιὸς
1395 4004 1572 4060 ουδεπώποπεί
1591 4006 1666 4071 Quod
1675 4008 1746 4061 enim

584 4095 687 4150 πώποτε
725 4092 864 4162 praedicat.
912 4090 968 4156 Qua
1002 4092 1137 4145 occasione
1187 4092 1269 4146 aliena
1286 4108 1336 4146 nen
1355 4108 1402 4145 sua
1419 4092 1579 4158 comedebat,
1602 4077 1745 4163 opprobrio

586 4180 672 4236 obluta
706 4180 842 4249 Amynium
880 4179 975 4248 carpit,
1010 4178 1138 4232 hominem
1188 4178 1232 4231 dat
1249 4182 1324 4248 atque
1341 4178 1459 4232 irrisioni.

586 4283 694 4338 egenum
724 4270 799 4336 atque
829 4266 996 4332 esurientem,
1027 4265 1071 4335 qui
1102 4280 1138 4329 se,
1239 4259 1395 4337 Κρωβύλουι
1416 4266 1496 4319 schol.
1519 4264 1533 4318 ὁ
1559 4264 1587 4319 δὲ
1610 4266 1747 4337 αρωβΰλος

586 4356 647 4424 quin
665 4370 724 4408 eum
742 4352 871 4423 opulentis
888 4355 914 4405 et
930 4352 1067 4406 inxuriosis
1080 4351 1140 4405 civi·
1190 4351 1254 4406 ἐστὶν
1273 4350 1336 4411 εἶδος
1350 4352 1448 4425 πλοκῆς
1466 4351 1509 4405 ἐπ’
1529 4351 1628 4425 ἀνδρῶν
1647 4352 1682 4414 είς
1701 4351 1747 4415 ὀξυ

586 4442 634 4494 bue
653 4442 839 4504 comissaretur,
858 4453 909 4492 non
927 4438 1084 4492 abstinuerit.
1190 4435 1324 4511 ληγοΰοης.
1362 4438 1511 4507 Berglerus:
1546 4438 1606 4503 „Ex
1639 4438 1748 4508 Grobyli

638 4544 662 4581 ν.
683 4526 756 4580 1261.
790 4521 928 4595 Ἀμυνίαςε
953 4524 1031 4577 schol.
1058 4524 1141 4595 κυρίη-
1190 4525 1314 4593 pesterie‚
1338 4526 1412 4595 quasi
1436 4525 1467 4578 de
1490 4524 1600 4579 homine.
1634 4524 1684 4579 Est
1702 4543 1748 4580 an·

587 4628 634 4688 οης
652 4610 665 4665 ὁ
682 4608 805 4686 Ἀμυνίας
823 4608 967 4689 (Προνάπου
980 4609 1041 4673 υἱός.
1069 4609 1141 4686 ὁγὰρ
1190 4613 1242 4665 tem
1259 4610 1392 4686 αρυβΰλος
1408 4612 1490 4667 nodus
1508 4627 1608 4680 comae3
1627 4614 1653 4666 et
1665 4612 1748 4692 Amy·
