4484 5467
449 601 452 607 ’
546 624 607 687 136
935 619 1124 676 rnouaoou.
1160 615 1272 674 oarur
1289 618 1326 672 ιν
1375 659 1379 666 .
1442 617 1449 634 ·

545 820 574 884 p.
596 798 658 864 758
681 821 726 885 sq.
754 799 883 865 lrobeelr.
906 795 1038 881 Paralip.
1061 815 1091 878 p.
1120 793 1183 857 427
1207 813 1278 856 ann.
1322 791 1541 857 Memorantur
1554 799 1690 880 praetera

543 911 577 975 τδ
602 909 708 997 στόμα,
732 932 765 977 os
787 909 918 988 fistulae,
941 914 972 972 et
993 909 1027 972 τδ
1050 909 1146 991 πῶμα
1168 913 1198 969 et
1219 906 1375 990 πωμάζειν
1399 904 1560 970 obturare.
1596 906 1639 971 De
1655 927 1690 971 re

544 1021 639 1107 liquis
660 1023 823 1110 perspicua
844 1043 893 1087 res
915 1026 977 1099 est,
1000 1019 1037 1083 de
1059 1016 1261 1082 foraminibus
1282 1016 1422 1101 ambigo,
1446 1023 1560 1083 utrum
1581 1018 1620 1083 ad
1637 1018 1692 1084 inis

544 1154 629 1199 mam
650 1142 771 1221 portem
798 1134 862 1199 alvi
884 1133 977 1197 fuisse
1005 1130 1121 1207 dicam,
1149 1134 1185 1193 ut
1211 1151 1292 1214 aqua
1311 1129 1412 1215 primo
1441 1134 1621 1197 transverse
1639 1151 1692 1217 pro

544 1246 658 1325 fluens,
692 1247 823 1312 circuitu
850 1244 982 1329 quodem
1011 1249 1126 1307 terram
1147 1246 1278 1327 peteret,
1312 1261 1352 1304 an
1375 1239 1492 1307 solium
1524 1244 1693 1328 perforatum
1738 1297 1739 1326 ,

544 1357 637 1422 fuisse
659 1377 800 1422 censeam
827 1355 988 1439 simileque
1017 1353 1111 1416 fuisse
1134 1352 1178 1434 ei,
1212 1351 1293 1436 quod
1320 1372 1376 1416 nos
1406 1351 1549 1419 dicimus
1573 1354 1693 1438 „Durob-

545 1468 667 1551 schlag“
690 1468 819 1552 (Becker
841 1468 862 1532 l.
876 1468 897 1532 l.
913 1490 942 1553 p.
958 1465 1045 1549 495).
1082 1464 1172 1528 Prius
1188 1470 1292 1529 tuetur
1306 1464 1490 1530 Aristoteles
1516 1466 1594 1552 ipse,
1614 1487 1693 1552 quun

544 1578 634 1643 dicit:
657 1581 785 1665 πλαγίας
809 1581 862 1665 μὲν
887 1577 938 1643 ούν
963 1579 1107 1667 βαφεῖσης
1129 1583 1184 1662 τῆς
1206 1576 1384 1663 κλεψύδρας,
1408 1576 1458 1642 διδ
1480 1582 1546 1644 τῶν
1570 1580 1694 1646 ἐναντίαι

543 1698 609 1763 τοῖς
630 1693 661 1758 ἐν
683 1700 729 1779 ‘rui
751 1694 834 1758 ύδατι
855 1693 1057 1779 τροπηροίτιον
1080 1689 1128 1755 ἐπ’
1154 1690 1274 1761 εδῦείας
1299 1688 1396 1775 μένων
1419 1689 1454 1773 (b
1472 1690 1554 1777 ἀὴρ)
1577 1692 1636 1755 ύπδ
1652 1695 1694 1755 τού

547 1806 656 1876 ύδατος
679 1805 841 1893 ἐξέρχεται,
864 1806 1100 1892 ὑποχωροῦντος
1122 1804 1156 1867 δὲ
1178 1802 1273 1866 αὐτοῦ
1295 1801 1328 1866 τδ
1352 1802 1435 1887 ὕδωρ
1453 1802 1639 1890 εἰσέρχεταιξ
1657 1802 1696 1867 oui

547 1917 654 1982 statim
676 1916 776 1981 addit:
806 1916 903 2002 ὀρθῆς
931 1916 965 1980 δὲ
986 1916 1028 1986 εἰς
1049 1914 1082 1978 τδ
1106 1915 1188 1999 ὕδωρ
1213 1913 1357 2002 paperons
1378 1917 1434 1995 τῆς
1456 1915 1648 2001 κλεψύδρας,
1668 1914 1696 1977 οδ
1727 1950 1729 1953 -

545 2030 712 2115 δυνάμενος
734 2027 808 2114 πρδς
831 2027 927 2113 ὀρθὴν
951 2026 1123 2111 ὑποχωρεῖν
1146 2024 1248 2088 διὰτὸ
1271 2022 1444 2109 πεφράχθαι
1468 2025 1505 2088 τὰ
1530 2025 1608 2106 ἄνια,
1631 2026 1697 2112 μένει

543 2143 610 2230 περὶ
637 2143 673 2207 τὰ
702 2144 808 2228 πρῶτα
829 2141 1018 2227 τροπήρατοι.
1063 2137 1127 2201 lsta
1147 2138 1183 2201 τὰ
1211 2136 1329 2201 ἐναντία
1351 2140 1382 2199 et
1403 2135 1439 2199 τὰ
1468 2139 1581 2222 πρῶτα
1602 2139 1697 2225 rpucr's

546 2243 710 2340 poro-non
732 2254 877 2338 possunt,
905 2250 1028 2336 opinor,
1056 2247 1204 2330 intelligi,
1233 2247 1294 2312 nisi
1316 2246 1354 2310 de
1382 2245 1547 2312 ordinibus
1569 2249 1605 2313 in
1625 2256 1698 2335 parta

535 2361 651 2429 'infima
667 2363 766 2428 ¹factis
795 2361 917 2444 cogites.
965 2359 1048 2424 Fieri
1076 2364 1191 2446 potest,
1225 2363 1261 2423 ut
1288 2357 1404 2442 singuli
1434 2358 1563 2425 ordines
1584 2361 1700 2447 'singula

541 2474 688 2560 temporis
709 2474 824 2558 spatia,
852 2494 878 2536 e.
902 2495 930 2557 g.
957 2473 1047 2538 horas
1073 2472 1290 2556 significarint3
1318 2461 1385 2535 fieri
1411 2472 1507 2537 etiam
1530 2481 1648 2561 potest,
1672 2481 1701 2540 ul

543 2608 607 2652 una
628 2586 715 2650 alvus
736 2587 795 2650 toti
816 2586 877 2651 diei
900 2585 1060 2650 suffecerit.
1106 2584 1166 2649 Sed
1187 2584 1245 2649 hae
1267 2591 1355 2664 sunt,
1378 2592 1414 2649 ut
1434 2586 1481 2650 rei
1503 2594 1622 2655 natura
1641 2591 1699 2671 fert,

544 2721 646 2765 meree
679 2698 852 2785 opiniones,
886 2699 1030 2782 omnique
1063 2698 1262 2763 fundamento
1290 2704 1437 2763 carentes.
1487 2698 1600 2786 Neque
1627 2702 1700 2767 euim

543 2812 673 2890 scimus,
703 2810 852 2896 quomodo
875 2810 963 2894 signa
984 2809 1178 2893 singularum
1199 2810 1344 2874 horarum
1366 2809 1526 2895 potuerint
1549 2813 1633 2895 fieri,
1654 2835 1699 2880 ne-

544 2918 603 3007 que
625 2918 781 3007 intelligo,
816 2923 869 3010 qui
890 2922 958 2987 fieri
978 2922 1126 3008 potuerit,
1158 2928 1194 2988 ut
1221 2921 1360 3005 singulae
1389 2922 1482 2987 horae
1509 2931 1595 2992 recte
1617 2934 1699 3014 atque

543 3036 650 3122 aequis
678 3058 797 3125 semper
825 3037 933 3123 spatiis
954 3034 1185 3114 dirimerentur,
1215 3034 1242 3099 si
1270 3056 1307 3100 ex
1335 3035 1479 3101 omnibus
1501 3037 1699 3106 foraminibus

543 3149 637 3214 simul
659 3149 838 3236 produxerit
859 3169 953 3233 aqua·
991 3147 1097 3231 Itaque
1119 3147 1318 3212 Aristotelem
1339 3145 1522 3213 crediderim
1550 3152 1638 3217 alind
1658 3152 1698 3219 id·

541 3283 601 3346 que
629 3260 729 3347 magis
757 3262 957 3327 artificiosum
984 3280 1079 3343 genus
1107 3260 1335 3346 clepsydrarum
1361 3260 1396 3324 in
1417 3267 1522 3325 mente
1551 3264 1697 3343 habuisse,

541 3395 639 3459 quum
660 3374 725 3437 vim
748 3380 839 3458 atque
862 3373 1003 3438 effectum
1031 3371 1110 3436 a‘e‘ris
1131 3377 1331 3455 monstraret,
1365 3394 1461 3457 quam
1482 3394 1544 3457 quo
1568 3378 1618 3442 usi
1639 3380 1697 3442 fue·

544 3486 609 3575 rint
632 3489 765 3550 oratores
780 3485 886 3551 Attici.
929 3485 976 3550 De
998 3484 1119 3567 magnis
1134 3484 1300 3569 clepsydris
1321 3483 1458 3569 loquitur
1471 3486 1642 3557 Aristocles
1656 3511 1697 3575 ap.

540 3596 654 3661 Athen.
676 3598 720 3662 IV
741 3620 771 3682 p.
796 3600 857 3664 174
879 3623 904 3679 c,
928 3622 946 3665 a
966 3599 1098 3665 Beckero
1121 3618 1241 3683 quoque
1262 3598 1415 3663 laudatus.

625 3707 697 3773 Alie
718 3712 916 3800 suppeditant
937 3711 1138 3800 Harpocratio
1160 3716 1191 3774 et
1209 3710 1320 3776 Suidas
1343 3734 1368 3777 s.
1385 3733 1413 3775 v.
1437 3715 1696 3803 διαρτρετρημένη

525 3819 657 3907 ’ἡμέρας
681 3821 787 3908 μέτρον
810 3824 839 3888 τί
852 3826 930 3891 ἐστιν
948 3826 1055 3896 occec
1078 3823 1152 3911 πρὸς
1176 3821 1399 3910 μεμετρήρένον
1416 3824 1535 3911 ἡμέρας
1551 3829 1697 3915 διάστημα

542 3932 619 4019 ῥέον.
664 3933 816 4021 ἐμετρεῖτο
840 3938 873 4001 δὲ
895 3945 941 4025 τῷ
954 3938 1139 4004 Ποσειδεῶνι
1165 3936 1243 4022 μηνί.
1289 3938 1330 4007 ὡς
1353 3938 1390 4020 δὴ
1407 3937 1505 4023 τούτῳ
1528 3939 1695 4026 (Harpocr,

539 4043 621 4129 quod
642 4043 795 4111 Kusterus
816 4048 884 4113 iure
906 4051 1028 4135 probat,
1052 4051 1127 4137 πρὸς
1150 4051 1187 4133 δὴ
1211 4052 1301 4113 τοῦτο
1324 4047 1389 4113 soil.
1412 4049 1445 4113 τδ
1469 4050 1569 4137 ὕδωρ)
1592 4054 1696 4139 ἠγωνί-

518 4162 626 4233 ·ζοντο
656 4159 685 4222 ci
708 4158 841 4245 μέγιστοι
869 4164 919 4227 καὶ
948 4165 1014 4250 περὶ
1046 4165 1105 4227 τῶν
1138 4162 1284 4248 μεγίστων
1309 4164 1425 4245 ἀγῶνες
1452 4161 1581 4245 (Beruh.
1604 4166 1695 4231 male:

538 4268 618 4355 quod
638 4276 714 4338 tuno
736 4271 853 4337 iudicia
875 4273 1027 4338 decausis
1050 4272 1179 4336 maximi
1201 4273 1350 4337 momenti
1371 4274 1573 4340 haberentur:
1597 4277 1695 4363 potius

537 4382 733 4465 cogitandum
755 4390 801 4450 est
824 4384 861 4449 de
875 4386 1000 4470 musicis
1016 4384 1259 4470 certaminibus).
1298 4386 1449 4473 διενέρετο
1472 4389 1506 4452 δὲ
1528 4390 1599 4475 τρία
1624 4389 1694 4477 μέρη

536 4495 569 4558 τδ
593 4497 685 4583 ύδωρ,
707 4498 740 4562 rb
766 4499 819 4585 μὲν
842 4506 887 4585 τῷ
910 4502 1056 4576 διώκοντι,
1078 4499 1111 4562 rb
1129 4499 1161 4561 δὲ
1176 4505 1221 4584 τῷ
1241 4496 1390 4584 φεύγοντι,
1413 4501 1446 4563 rb
1471 4501 1504 4565 δὲ
1519 4501 1619 4587 τρίτον
1635 4505 1696 4570 τοῖς

539 4608 719 4682 δικάζουσιν.
763 4612 870 4699 ltaque
898 4612 931 4675 τδ
954 4612 1037 4700 ύδωρ
1060 4616 1177 4676 certum
1198 4610 1255 4675 hoo
1276 4616 1399 4695 tempus
1422 4611 1585 4695 significat.
1609 4614 1693 4678 Deru.
