4484 5467
961 605 1155 665 ΣΦΗΚΕΣ

475 804 509 855 40
630 784 695 868 ἵστη
720 775 816 870 βόειον
840 783 944 869 δημόν.
1166 874 1169 879 ¹

977 908 1133 966 ΞΑΝΘΙΑΣ.

950 1007 1032 1093 οἴμοι
1054 1008 1199 1077 δείλαιος·

629 1119 680 1182 τὸν
703 1122 802 1204 δῆμον
825 1121 916 1205 ἡμῶν
937 1119 1074 1207 βούλεται
1097 1120 1248 1183 διιστάναι.

988 1244 1116 1301 ΣΩΣΙΑΣ.

629 1341 724 1407 ἐδόκει
747 1343 779 1406 δέ
804 1358 862 1428 μοι’
877 1342 1001 1430 Θέωρος
1023 1344 1118 1427 αὐτῆς
1141 1345 1268 1428 πλησίον

626 1456 723 1540 χαμαὶ
744 1455 909 1539 καθῆσθαι,
931 1456 982 1539 τὴν
1004 1458 1136 1540 κεφαλὴν
1158 1454 1287 1541 κόρακος
1311 1454 1402 1540 ἔχων.

504 1645 528 1679 ν.
542 1627 583 1679 40.
620 1626 699 1695 βόειον
719 1625 800 1697 δῆμον
818 1625 850 1679 V.
869 1641 919 1680 sec.
938 1625 999 1679 Oeb.

503 1731 527 1765 v.
547 1714 588 1765 41.
624 1710 796 1764 elimaverit.
818 1712 850 1765 V.
873 1712 950 1765 schol.
977 1712 1031 1766 Inv.
1053 1712 1132 1766 Bekk.
1154 1712 1230 1766 Dind.
1248 1712 1348 1765 Hirsch.
1366 1713 1470 1781 Bergk.;
1498 1714 1625 1767 διιστάνειν

539 1803 615 1851 antea
631 1798 708 1866 vulgo
725 1801 751 1850 et
768 1797 856 1866 Steph.
874 1798 936 1866 Byr.
954 1814 974 1852 s.
992 1815 1016 1850 ν.
1035 1798 1124 1869 δῆμος.

465 1969 557 2008 uersus
575 1954 639 2005 Rau.
657 1953 719 2005 466:
742 1952 785 2004 καὶ
806 1952 879 2022 μιαρὲ
896 1952 939 2004 καὶ
956 1971 1023 2020 παμ-
1072 1955 1173 2020 tempus
1190 1953 1257 2005 enim
1269 1956 1321 2004 tam
1337 1956 1462 2024 remotum
1474 1970 1540 2007 mmo
1551 1958 1628 2022 poeta

466 2041 542 2111 μίαρε
559 2039 603 2091 καὶ
620 2037 771 2110 μιαρώτατε.
1073 2053 1124 2090 nen
1141 2038 1234 2102 allusit,
1251 2039 1296 2090 sed
1311 2038 1437 2103 Cleonem,
1456 2040 1527 2092 cuius
1544 2041 1628 2107 gratia

519 2143 542 2177 ν.
561 2125 603 2177 40.
639 2124 718 2193 βόειον
737 2122 827 2194 δημόν.
854 2124 920 2187 Quin
941 2124 1022 2196 δημὸν
1073 2127 1149 2191 atque
1166 2126 1302 2176 aucteritas
1319 2126 1460 2177 incivitate
1478 2140 1627 2178 evanescere

465 2211 629 2263 scribendum
652 2210 696 2273 sit,
718 2217 801 2261 nemo'
814 2226 925 2277 unquam
952 2211 1022 2263 dubi-
1073 2213 1220 2276 coeperant,
1248 2210 1329 2261 socios
1356 2225 1415 2261 suos
1438 2213 1513 2277 atquo
1531 2212 1625 2262 amicos

464 2298 542 2360 tavit,
570 2312 650 2364 neque
676 2298 761 2347 tamen
789 2295 853 2347 dixit
880 2297 1021 2364 quisquam,
1071 2310 1117 2361 per
1133 2296 1255 2346 trutinam
1272 2310 1424 2363 cognoscere
1444 2295 1525 2349 finxit.
1560 2297 1626 2347 Hine

464 2383 509 2450 qni
526 2382 581 2433 fieri
598 2382 717 2450 potuerit,
734 2384 763 2431 ui
780 2383 936 2448 spectat-ores
953 2383 1024 2435 verbi
1072 2379 1135 2431 illud
1161 2380 1291 2444 διιστάναι,
1317 2381 1469 2446 distrahere,
1495 2381 1555 2449 quid
1576 2382 1625 2433 sibi

464 2467 658 2534 ambiguitatem
678 2466 912 2520 animadverterent.
946 2468 1023 2520 Nam·
1071 2467 1132 2519 velit
1149 2467 1307 2535 perspicitur.
1334 2466 1371 2519 ef.
1389 2468 1455 2520 intra
1472 2485 1496 2521 ν.
1514 2468 1555 2521 62.

464 2569 514 2621 que
533 2556 604 2604 actor
622 2555 666 2604 aut
682 2553 791 2604 metrum
800 2567 889 2604 versus
901 2554 1021 2620 neglexit,
1121 2570 1145 2606 ν.
1158 2553 1200 2606 42.
1230 2553 1343 2605 Theorus
1356 2556 1384 2604 ut
1395 2554 1520 2621 periurae,
1536 2572 1624 2623 rapax,

463 2638 699 2707 autpronunciavit
716 2637 807 2708 δῆμον.
835 2638 894 2690 Alia
912 2643 950 2691 est
963 2655 1020 2692 con·
1069 2639 1205 2701 moechm,
1241 2639 1356 2691 adulator
1385 2643 1433 2693 etc.
1463 2642 1564 2709 saepius
1598 2642 1624 2693 in

464 2726 527 2777 ditio
550 2741 573 2777 ν.
595 2724 641 2791 Eq.
665 2722 715 2776 954
740 2722 823 2794 δημοῦ
846 2722 927 2791 βοείου
949 2720 1018 2795 θρῖον
1069 2723 1283 2788 Acharnensibns
1301 2725 1426 2789 Nubibus
1438 2725 1531 2793 ⁴Vespis
1544 2727 1624 2794 carpi-

462 2809 649 2881 ἐξωπτημένον,
666 2810 710 2862 ubi
722 2810 857 2865 verberum
870 2809 953 2862 lusum
966 2812 1020 2878 qui-
1069 2812 1118 2861 tur.
1153 2809 1208 2861 Hoc
1225 2810 1281 2862 loeo
1300 2811 1367 2877 qued
1388 2827 1445 2863 eum
1463 2811 1537 2863 linxit
1553 2812 1624 2863 humi

462 2898 502 2949 vis
525 2896 656 2964 percipere
681 2898 789 2963 poterat.
823 2895 912 2962 Itaque
938 2900 1019 2948 metro
1068 2894 1198 2947 sedentem
1216 2897 1361 2962 ceraoisqno
1384 2900 1460 2964 oaput
1480 2897 1623 2961 habentem,

462 2983 578 3051 neglecto
588 2980 669 3053 δημὸν
678 2982 873 3049 pronunciatum
881 2997 936 3034 esse
948 2986 1018 3050 puto.
1067 2981 1167 3049 egregie
1185 2982 1302 3033 convenit
1320 2982 1483 3034 camoribus
1501 2986 1527 3034 et
1549 2983 1623 3050 adipe

462 3070 505 3121 An
523 3068 684 3121 scribendum
701 3065 782 3138 δημὸν
802 3066 881 3135 βόειον
900 3066 972 3140 loru?
985 3098 1018 3106 —
1067 3067 1171 3119 bubula.
1205 3066 1301 3119 Verum
1318 3069 1422 3133 prepter
1443 3069 1495 3118 tres
1513 3070 1622 3121 maxime

462 3151 552 3207 Βόειον
571 3170 630 3207 rere
648 3168 699 3207 non
716 3154 798 3206 solum
818 3152 847 3204 τὸ
866 3151 1017 3226 ἀναίσθητον
1067 3166 1107 3204 res
1126 3152 1219 3205 Theeri
1235 3155 1261 3203 et
1279 3152 1374 3204 coracis
1391 3152 1544 3204 mentionem
1561 3155 1623 3205 inie-

461 3244 514 3305 est,
541 3243 570 3291 ut
596 3240 673 3292 schol.
700 3239 732 3292 R.
758 3239 947 3304 animadvertit,
974 3242 1020 3294 sed
1069 3238 1114 3302 cit,
1135 3239 1245 3305 primum
1266 3241 1295 3289 ut
1317 3236 1473 3289 Alcibiadem
1499 3243 1622 3306 carperet,

462 3328 553 3390 etiam,
579 3342 655 3393 qrrnm
677 3326 768 3393 vulgus
790 3326 967 3390 subaudiatur,
988 3327 1018 3379 τὸ
1063 3321 1149 3375 ‘virum
1177 3324 1294 3376 iuvenem
1323 3324 1412 3375 νεωστὶ
1444 3324 1621 3391 conspicuum,
1674 3375 1676 3377 .

461 3412 530 3482 βοῶν
554 3411 697 3479 significare
717 3412 825 3465 iubetur.
864 3412 1019 3465 insomnium
1067 3412 1134 3471 tum,
1155 3413 1184 3461 ut
1202 3410 1347 3462 Alcibiades
1370 3425 1412 3461 ore
1434 3409 1509 3462 balbo
1527 3410 1621 3462 diceret
1677 3468 1679 3473 ,

460 3498 564 3567 egregie
582 3498 714 3550 ab'altero
735 3500 864 3561 narratur,
885 3499 917 3550 ab
939 3499 1018 3553 altero
1066 3494 1178 3553 κόλακος
1203 3496 1220 3549 i.
1242 3513 1264 3548 θ.
1290 3498 1378 3548 verum
1402 3495 1494 3548 Theori
1518 3511 1622 3561 nomem

460 3585 612 3653 explicatur.
647 3583 719 3635 Alter
744 3584 811 3635 enim
838 3585 1017 3637 crescencio·
1067 3581 1174 3649 denique
1185 3585 1214 3633 ut
1225 3583 1367 3650 proverbio,
1383 3581 1450 3649 qued
1462 3583 1572 3647 amabat,
1584 3584 1622 3635 nti

460 3673 565 3733 nantes,
587 3670 719 3721 balaenam
739 3669 817 3721 rerba
838 3669 974 3721 facientem
992 3674 1018 3722 et
1065 3671 1152 3736 posset
1174 3685 1197 3721 ν.
1222 3668 1267 3721 51:
1289 3668 1314 3726 ἐς
1335 3668 1456 3736 κόρακας.
1478 3668 1620 3734 Praeterea,

458 3757 571 3808 trutinae
583 3755 684 3822 adipem
696 3755 816 3807 bubulam
832 3756 1017 3823 appendentem
1065 3756 1094 3804 ut
1121 3753 1257 3821 Berglcrus
1282 3754 1391 3817 monuit,
1418 3751 1519 3813 Θέωλος
1548 3756 1621 3823 quasi

459 3857 487 3893 se
505 3840 601 3892 vidisse
617 3843 716 3905 narrat3
733 3841 796 3892 alter
808 3842 926 3892 continuo
940 3840 1017 3894 Athe·
1066 3836 1170 3910 θεώλης
1182 3840 1283 3907 quidam
1296 3843 1343 3903 cst,
1361 3840 1408 3891 diis
1419 3841 1526 3893 invisus,
1551 3840 1619 3892 Intra

458 3928 575 3989 aienseS,
598 3925 729 3990 Cleonem,
750 3928 841 3995 uulgus
863 3928 952 3980 balans
970 3928 1015 3980 sed
1063 3926 1130 3976 enim
1152 3942 1175 3979 ν.
1193 3926 1244 3978 416
1269 3929 1404 3993 utrumque
1425 3930 1451 3978 et
1472 3922 1620 3998 δεοσεχδρία

459 4014 556 4081 pingue
582 4016 658 4079 atque
687 4012 816 4064 immobile
842 4014 913 4081 tangi
939 4014 1014 4067 videt.
1064 4014 1090 4062 et
1106 4011 1175 4078 qued
1192 4010 1271 4071 κόλαξ
1287 4012 1364 4064 fuerit
1381 4013 1511 4080 repetitur.
1547 4013 1619 4064 Pest-

457 4099 560 4165 Itaque,
578 4098 645 4165 qued
662 4097 789 4150 Xanthias
808 4098 890 4151 addit:
908 4099 951 4151 τὸν
971 4100 1015 4171 δη·
1064 4111 1133 4149 remo
1151 4098 1308 4162 crediderim,
1327 4100 1404 4151 etiam
1420 4099 1497 4151 uerbo
1516 4095 1577 4166 ὁλᾷς
1594 4113 1617 4149 ν.

458 4203 507 4253 μον
531 4183 608 4255 ἡμῶν
631 4182 746 4252 βοδλεται
775 4184 906 4248 διιστάναι,
932 4187 1015 4239 verbis
1064 4180 1098 4234 45
1123 4182 1215 4236 lusisse
1236 4182 1379 4250 Cemicum,
1404 4187 1432 4235 ut
1453 4186 1520 4235 esset
1541 4181 1554 4233 ὁ
1572 4181 1617 4239 ire

457 4272 542 4337 magis
559 4269 624 4321 ludit
641 4286 716 4337 quam
734 4270 778 4342 ἀφ’
800 4270 906 4342 ἱστορίας
923 4275 970 4336 est,
988 4275 1017 4323 ut
1049 4271 1185 4335 tanquam
1214 4285 1305 4327 saxum
1335 4271 1451 4339 Sisyphi,
1475 4269 1616 4336 impudens,

457 4356 537 4409 schol.
561 4355 676 4407 uolebat:
697 4355 745 4426 πρὸ
767 4355 810 4408 hle
834 4357 898 4408 ἐτῶν
916 4362 963 4427 τῆς
981 4358 1015 4410 δι·
1064 4354 1187 4406 benorum
1207 4356 1423 4423 impedimentum.
1452 4356 1489 4407 he
1508 4354 1617 4406 Alcibia-

457 4440 597 4499 δασκαλίας
617 4440 707 4493 τούτου
725 4446 769 4494 τοῦ
789 4442 915 4514 δράματος
933 4440 1014 4496 λακε-
1064 4441 1102 4492 dis
1120 4442 1233 4494 balbutie
1251 4442 1282 4496 os.
1300 4442 1367 4495 Plut.
1385 4442 1440 4495 Alc.
1460 4444 1482 4495 l.
1500 4442 1575 4494 llein.
1588 4439 1615 4492 C.

457 4527 595 4596 δαιμονίων
614 4527 668 4598 περὶ
680 4526 779 4599 εἰρήνης
791 4528 1012 4599 πρεσβευσαμένων
1062 4527 1123 4594 Hp.
1136 4526 1194 4581 728.
1224 4527 1265 4579 Ad
1282 4544 1306 4579 ν.
1324 4527 1357 4581 45
1375 4528 1406 4581 cl.
1424 4527 1544 4594 Hermog.
1562 4526 1617 4596 περὶ

458 4614 472 4667 δ
490 4610 582 4667 Κλέων
605 4612 719 4684 ἀπήλασε
738 4614 797 4672 τοὺς
818 4613 937 4686 πρέσβεις.
973 4615 1013 4666 Ad
1062 4610 1172 4679 μεδόδου
1190 4612 1331 4684 δεινότητος
1349 4630 1370 4667 c.
1388 4614 1422 4667 35
1440 4614 1529 4677 (Walz.
1541 4613 1578 4665 ΠΙ
1589 4630 1614 4682 ρ.
