4484 5467
544 655 605 720 132
924 652 1114 708 saccuucii.
1149 650 1262 705 GAPVT
1279 649 1316 704 lv

541 826 637 910 igitur
658 823 771 912 κηρός,
799 843 906 889 camus
927 824 991 888 sive
1013 824 1153 910 phimus,
1176 827 1298 909 propter
1319 819 1454 887 calculos
1477 822 1597 903 dictus,
1625 823 1692 910 quod

541 938 617 1004 collo
645 940 764 1015 lurum,
798 936 852 1022 qui
880 935 984 1000 omnia
1011 936 1174 1014 devorant,
1208 932 1386 999 simillimus
1413 941 1479 1015 cst,
1515 935 1630 1023 quippe
1650 935 1696 1021 qui·

541 1070 647 1115 omnes
674 1048 807 1135 excipiat
835 1048 967 1113 calculos
993 1054 1056 1114 tam
1086 1048 1184 1113 iustos
1212 1067 1306 1132 quam
1337 1044 1481 1112 iniustos.
1536 1030 1693 1113 Scholiasta

541 1167 660 1227 autem:
689 1159 838 1248 Κρατῖνος
862 1161 895 1226 δὲ
918 1159 1007 1226 αὐτὸν
1031 1162 1062 1225 ἐν
1086 1158 1203 1246 Νόμοις
1224 1158 1331 1243 (Mein.
1355 1157 1440 1223 Com.
1456 1158 1496 1237 Π,
1522 1160 1577 1243 92,
1599 1159 1693 1245 quill,

542 1274 602 1338 271
644 1277 714 1359 post
757 1272 930 1337 Dobraeum
966 1271 1088 1356 scripsit
1123 1270 1241 1360 ἡδρὸς)
1278 1271 1427 1357 οχοίνινον
1465 1272 1575 1358 ἠδμδν
1611 1275 1693 1336 καλεῖ.

540 1388 661 1451 τοιοῦτο
689 1384 746 1470 γὰρ
774 1383 891 1469 ἐγένετο
919 1386 969 1449 καὶ
991 1383 1029 1469 ἦν
1059 1382 1227 1470 παρόμοιος
1258 1384 1361 1470 χώνῃ,
1390 1384 1433 1453 ὡς
1460 1384 1513 1448 καὶ
1542 1384 1694 1470 Σοφοκλῆς

539 1496 650 1585 Ἰνάχῳ
665 1495 708 1579 (v.
718 1493 826 1559 Nauck
837 1500 915 1579 trag.
930 1496 966 1560 fr.
981 1517 1012 1582 p.
1028 1496 1097 1559 151.
1112 1495 1187 1559 Aah.
1199 1494 1252 1574 XI,
1268 1495 1332 1559 480
1343 1493 1396 1578 b.).
1411 1514 1413 1518 '
1426 1494 1591 1582 Σχοίνινον
1602 1494 1692 1581 alipta

541 1606 674 1693 explicat
695 1606 884 1690 Hesychius:
909 1607 943 1672 δι’
970 1605 1007 1672 οὖ
1030 1607 1082 1678 τὰς
1106 1606 1229 1693 ψήφους
1253 1610 1281 1671 οἱ
1303 1607 1437 1672 δικασταὶ
1459 1607 1503 1678 εἰς
1525 1608 1582 1679 τὰς
1604 1608 1694 1694 ὑδρίας

541 1720 696 1800 actricem
724 1737 816 1804 quem
843 1720 896 1783 cfr.
920 1740 945 1783 s.
966 1739 996 1783 v.
1018 1718 1118 1806 κηρός
1147 1740 1219 1783 oum
1245 1718 1327 1783 notis
1352 1717 1484 1801 ailberti,
1513 1718 1581 1805 qui,
1609 1738 1694 1804 quun

542 1830 589 1896 bis
616 1850 723 1897 vocem
746 1830 849 1919 ὑδρίας
869 1828 1074 1916 usurpaverit,
1096 1851 1245 1913 magnum
1266 1829 1361 1895 luisse
1388 1828 1555 1895 vasculum
1583 1834 1633 1899 ςδν
1653 1856 1694 1896 κα-

543 1943 644 2020 δίσκον
674 1941 842 2027 significat:
876 1943 928 2009 cfr.
956 1942 1047 2029 Vesp.
1076 1942 1149 2007 921.
1183 1943 1243 2007 Αν.
1272 1943 1344 2007 602.
1380 1940 1495 2007 Eccles.
1525 1944 1602 2009 678.
1632 1944 1694 2009 738.

542 2055 611 2138 Lys.
635 2054 708 2120 327.
731 2053 836 2141 Steph.
857 2076 882 2120 s.
901 2075 932 2119 v.
954 2052 1065 2142 ἠδρός.
1108 2052 1184 2117 Inde
1205 2054 1272 2118 fieri
1293 2052 1402 2140 potuit,
1424 2060 1462 2118 ut
1482 2055 1591 2141 caps<
1612 2056 1695 2121 ctiam

541 2187 596 2252 pro
624 2166 722 2255 κηρός
748 2171 957 2253 usurparetur.
1000 2167 1047 2231 De
1081 2166 1169 2230 cuius
1197 2172 1302 2232 tamen
1330 2168 1428 2231 forma
1454 2167 1599 2231 nondum
1626 2166 1695 2231 milri

542 2282 677 2362 constat,
710 2298 810 2363 nequo
836 2300 963 2366 possum
990 2300 1068 2365 quaa
1096 2279 1186 2344 modo
1215 2301 1308 2365 supra
1335 2278 1399 2343 dixi
1427 2277 1575 2359 reficere,
1609 2300 1697 2366 quun

541 2390 722 2457 Aristoteles
749 2390 832 2477 apud
860 2392 993 2457 eundem
1020 2390 1216 2456 scholiastam
1237 2392 1324 2456 testis
1346 2390 1425 2456 mihi
1452 2390 1552 2455 adsit:
1583 2391 1697 2480 ἔχειδὲ

541 2505 591 2568 καὶ
618 2504 634 2567 ὁ
657 2507 803 2590 χαλκοῦς,
826 2504 869 2574 ὥς
891 2529 981 2591 φησιν
997 2503 1228 2592 Ἀριστοτέλης,
1251 2503 1472 2591 διερρινηρένον
1496 2504 1638 2591 ἐπίθημα
1662 2504 1698 2574 είς

541 2617 574 2680 τὸ
598 2614 693 2701 αὐτὴν
720 2613 814 2702 μόνην
837 2617 891 2702 τὴν
917 2621 1020 2704 ψῆφον
1044 2616 1221 2694 καθίεσθαι,
1250 2616 1362 2700 quibus
1390 2614 1562 2699 significat,
1592 2635 1697 2681 urnam

542 2745 669 2791 aeneam
690 2724 831 2814 operculo
853 2747 942 2792 usam
964 2748 1029 2793 esse
1052 2727 1097 2793 ita
1118 2729 1279 2814 perforato,
1302 2732 1339 2792 ut
1359 2726 1416 2793 uni
1438 2747 1563 2813 semper
1586 2725 1695 2793 calculo

540 2842 669 2922 pateret,
690 2858 790 2923 neque
811 2845 913 2923 posset
933 2838 1038 2926 plures
1060 2839 1154 2905 simul
1177 2840 1315 2926 excipere
1336 2839 1370 2903 in
1392 2860 1505 2904 urnam
1526 2839 1697 2905 immittes?

542 2950 605 3016 dos.
642 2950 711 3017 cfr.
731 2950 884 3016 ¹Photium
912 2958 943 3015 et
971 2950 1101 3017 Suidam
1134 2973 1158 3015 s.
1187 2972 1216 3015 ν.
1236 2950 1357 3038 'raptet
1386 2951 1507 3037 πλέγμα
1529 2952 1696 3028 κωνοειδές,

541 3062 562 3125 ἰ.
584 3082 611 3127 e.
633 3064 810 3151 operculum
837 3062 1009 3129 vimineum
1036 3042 1135 3127 instar
1162 3061 1240 3126 coni.
1283 3061 1437 3141 Fortasse,
1466 3062 1495 3126 si
1523 3063 1697 3149 opinionem

541 3174 635 3241 nullis
656 3175 842 3242 testimoniis
864 3176 976 3241 diserte
998 3175 1155 3240 defensam
1176 3186 1343 3261 proponere
1365 3174 1451 3252 licet,
1480 3194 1636 3240 urnarum
1657 3174 1696 3238 al·

423 3360 425 3364 ¹
540 3295 620 3372 tera,
654 3292 674 3370 ἡ
705 3289 793 3375 κυρία
820 3288 942 3373 opinor,
976 3286 1020 3353 ita
1047 3287 1214 3353 constituta
1241 3291 1320 3364 erat,
1348 3291 1384 3349 ut
1411 3284 1550 3368 singulos
1578 3293 1696 3352 tantum

482 3483 484 3487 7
541 3401 695 3486 exciperet
716 3399 864 3478 calculos,
887 3420 995 3485 praeco
1018 3406 1122 3464 autern
1144 3399 1209 3463 sive
1231 3397 1436 3463 thesmotheta
1457 3418 1554 3484 prope
1576 3400 1696 3464 adstans

541 3511 672 3590 videret,
694 3530 733 3575 ne
759 3510 828 3596 quis
850 3510 897 3575 bis
925 3510 1105 3594 suffragium
1133 3513 1239 3577 ferret:
1268 3509 1366 3576 altera
1393 3514 1499 3576 contra
1526 3512 1547 3595 ἡ
1580 3510 1696 3598 ἄκορος.

541 3644 619 3709 quae
640 3624 771 3691 calculos
794 3624 964 3710 excipiebat
978 3622 1120 3711 reliquos,
1143 3647 1238 3706 camo,
1261 3625 1326 3691 sive
1340 3622 1481 3712 operculo
1497 3622 1618 3709 pluries
1632 3644 1696 3711 per·

540 3736 654 3818 forato,
683 3735 875 3814 infundibuli
901 3735 941 3802 ad
967 3736 1112 3821 formam,
1135 3743 1201 3804 erat
1222 3737 1382 3802 instructa.
1425 3734 1523 3815 Nam,
1546 3718 1648 3823 quum
1667 3735 1697 3800 in

528 3846 679 3931 >qualibet
699 3870 792 3916 causa
812 3848 880 3914 fieri
900 3855 1010 3935 posset,
1033 3855 1070 3915 ut
1090 3849 1142 3915 hic
1162 3848 1216 3913 ille
1237 3847 1381 3931 suffragio
1402 3865 1435 3912 se
1458 3846 1630 3915 abstineret
1657 3849 1697 3912 le·

539 3959 650 4045 rende,
674 3960 749 4027 duos
771 3961 902 4028 calculos
924 3961 958 4028 in
980 3962 1108 4029 alteram
1130 3962 1209 4028 hanc
1230 3983 1343 4027 urnam
1363 3960 1521 4025 inmittere
1543 3966 1579 4026 et
1598 3962 1696 4025 iussus

539 4082 570 4140 et
590 4079 627 4139 ut
647 4079 723 4162 puto
744 4081 865 4141 coactus
887 4080 959 4141 erat.

623 4185 691 4251 XV.
736 4185 838 4263 Quum
866 4187 903 4251 de
930 4186 1018 4251 urnis
1047 4192 1171 4270 agatur,
1201 4185 1238 4251 de
1266 4189 1373 4276 actico
1401 4185 1508 4250 statim
1536 4180 1698 4249 subiiciam

539 4320 617 4385 quaa
650 4299 792 4386 comperi.
847 4297 939 4385 Apud
972 4298 1132 4364 Comicum
1165 4300 1257 4384 Vesp.
1293 4299 1376 4362 1436
1410 4297 1502 4363 ollam
1536 4298 1696 4381 significat,

526 4414 607 4479 Pac.
639 4411 740 4477 1086.¹
763 4411 846 4475 1114
875 4409 991 4475 animal
1021 4409 1120 4496 spinis
1149 4411 1290 4491 horrens3
1318 4410 1372 4473 sed
1394 4410 1488 4474 schol.
1510 4410 1619 4495 Vesp.:
1649 4410 1696 4473 τὸν

538 4526 638 4610 ἐχῖνον
662 4512 794 4611 explicat
816 4523 909 4609 ἄγγος
930 4549 956 4588 τι
978 4528 1114 4609 χαλκοῦν
1143 4526 1162 4610 ἢ
1193 4527 1242 4589 καὶ
1271 4526 1305 4589 ἐκ
1333 4527 1486 4611 κεράμου,
1516 4526 1558 4595 εἰς
1589 4524 1697 4588 δκαδ·

538 4642 614 4699 ιᾶοιν
639 4639 666 4699 οἱ
689 4638 834 4723 διαιτηταὶ
856 4637 890 4701 τὰ
913 4641 1103 4722 γραμματεῖα
1135 4642 1194 4701 τῶν
1220 4642 1401 4724 μαρτυριῶν,
1425 4638 1447 4700 ἅ
1471 4660 1547 4707 τινες
1572 4636 1697 4722 ἐμαρτύ-
