4484 5467
640 623 684 675 DE
702 622 874 677 IVDICIBVS
892 624 1151 678 ATHENIENSIVM
1167 625 1348 691 aussvsovu
1365 626 1594 683 IVDIOIALIBVS
1636 631 1706 714 129-

538 800 714 880 sequuntur
736 794 853 879 aliquot
866 795 994 861 nomina
1008 795 1202 862 decuriarum
1223 798 1304 879 ficta,
1326 798 1452 885 inques
1470 801 1570 865 sortiti
1588 802 1699 866 abeant

539 912 711 973 coenatum.
755 907 824 971 Non
846 908 942 991 igitur
964 908 1079 988 dubito,
1102 910 1179 993 quin
1202 909 1342 976 Comicus
1364 910 1452 976 nobis
1475 913 1615 977 ostendat
1635 913 1699 998 pri-

538 1041 637 1099 mum,
660 1019 821 1086 disasteria
842 1021 881 1085 ad
896 1023 996 1086 forum
1011 1022 1070 1087 sita
1092 1044 1167 1101 esse,
1190 1021 1300 1086 deinde
1321 1024 1357 1087 τὰ
1371 1026 1565 1111 κληρωτήρια
1587 1025 1622 1094 in
1636 1044 1700 1090 uno

538 1131 700 1197 dicasterio
722 1139 877 1198 asservata
898 1137 978 1215 esse,
1012 1134 1106 1219 inque
1128 1135 1185 1199 hoc
1217 1134 1377 1199 dicasterio
1404 1118 1596 1201 sortitionem
1617 1137 1700 1202 iudi-

508 1271 511 1277 ·
537 1265 612 1317 cum
633 1245 746 1309 factam
768 1266 832 1310 esse
855 1244 904 1309 vel
925 1246 993 1310 fieri
1014 1267 1185 1311 consuesse.
1230 1245 1478 1312 Consentaneum
1500 1252 1560 1327 est,
1583 1249 1699 1334 opinor,

538 1356 711 1422 sortitionis
725 1357 883 1441 negotium
905 1357 1012 1422 eodem
1026 1364 1200 1423 constanter
1221 1357 1287 1422 loco
1299 1361 1470 1444 perfectum
1490 1381 1571 1439 essc3
1592 1339 1704 1438 verum

539 1468 793 1549 Atheniensibus
817 1470 929 1556 quibus
952 1470 1056 1535 omnia
1071 1469 1187 1535 olerent
1208 1470 1413 1554 tyrannidem,
1435 1472 1553 1558 placere
1567 1474 1702 1558 potuerit

539 1580 638 1647 variis
660 1581 708 1645 uti
730 1588 822 1665 atque
844 1581 987 1659 omnibus
1007 1581 1149 1668 deinceps
1172 1581 1351 1648 dicasteriis.
1389 1583 1475 1661 Quod
1496 1584 1524 1649 si
1538 1585 1604 1649 veri
1619 1584 1702 1649 haud

540 1676 683 1790 absimile
706 1699 765 1772 est,
788 1695 823 1759 τὰ
845 1697 1038 1781 κληρωτήρια
1060 1694 1164 1759 etiam.
1181 1700 1272 1779 atque
1296 1698 1324 1759 οἱ
1345 1697 1482 1761 καδίσκοι
1503 1695 1610 1762 eadem
1631 1718 1701 1762 vas-

537 1805 612 1871 cula
633 1807 767 1870 fuemnt.
812 1804 874 1869 Sed
905 1826 969 1871 non
1000 1806 1046 1870 ita
1072 1806 1179 1889 magni
1200 1806 1350 1871 momenti
1376 1815 1439 1891 est,
1464 1808 1511 1872 de
1539 1808 1588 1886 his
1609 1809 1703 1886 rebus

538 1918 727 2004 disceptare3
755 1938 849 2002 quare
869 1937 1004 2003 pergam.
1048 1917 1221 1995 Scholiasta
1242 1922 1340 2003 atque
1356 1939 1395 1983 ex
1417 1904 1461 1986 eo
1474 1919 1588 1985 Suidas
1610 1920 1703 1999 uerbo

537 2035 666 2095 tanturn
693 2030 821 2124 uerbum
855 2028 1069 2095 reddiderunt:
1101 2031 1138 2095 τὰ
1169 2032 1363 2118 κληρωτήρια
1390 2069 1431 2080 -
1460 2034 1513 2104 τὰς
1545 2034 1703 2120 κληρωτὰς

540 2146 655 2231 ἀρχάς,
682 2163 782 2227 neque
803 2141 944 2224 vascula,
973 2148 1009 2207 ut
1030 2149 1174 2229 apparet,
1203 2141 1397 2226 intelligumt,
1430 2144 1484 2208 sed
1505 2144 1705 2227 magistratus

538 2254 728 2337 sortiendos3
750 2260 783 2318 at
804 2254 954 2339 quomodo
976 2257 996 2340 ἡ
1021 2258 1176 2342 κλήροισις
1197 2256 1278 2319 tacta
1298 2254 1349 2334 sit,
1370 2254 1500 2332 tradidit
1520 2276 1620 2338 nemo,
1630 2297 1636 2329 ,-
1643 2255 1707 2320 nisi

543 2367 687 2436 Comicus
708 2371 825 2449 noster,
855 2366 910 2451 qui
936 2372 1040 2436 tamen
1062 2366 1154 2452 plura
1180 2367 1331 2453 suspicari
1351 2367 1438 2449 iubet
1464 2388 1558 2453 quam
1579 2367 1705 2432 demon·
1835 2429 1838 2434 .

541 2469 632 2546 strat.
675 2479 721 2545 De
749 2479 1012 2567 quapriusquam
1033 2471 1220 2545 sententiam
1240 2499 1343 2544 meam
1363 2475 1528 2565 exponam,
1559 2481 1596 2545 de
1616 2481 1705 2545 urnis

540 2590 715 2659 iudiciariis
736 2591 926 2677 (καδίσκοις)
954 2591 1114 2657 Comicum
1140 2591 1225 2677 loqui
1250 2591 1372 2657 iubebo.
1416 2593 1507 2679 Vesp.
1538 2593 1601 2657 320
1630 2592 1704 2656 Phi·
1763 2675 1765 2678 v

529 2703 654 2773 ‚locleoz
1295 2725 1297 2727 ’

585 2817 738 2909 βούλομαί
758 2840 793 2901 γε
814 2818 906 2881 πάλαι
930 2814 999 2902 μεθ’
1026 2816 1111 2903 ὑμῶν
1141 2815 1239 2880 ἐλθὼν
1263 2816 1312 2881 ao
1332 2816 1403 2888 τοὺς
1424 2816 1587 2894 καδίσκους
1609 2816 1700 2883 κακόν

1356 2952 1383 2992 τι
1405 2932 1541 3013 ποιήσαι.

540 3047 574 3108 et
595 3040 688 3126 Vesp.
711 3040 773 3105 853
787 3038 971 3125 -Bdelycleoz
1098 3111 1101 3115 ⁴

710 3230 712 3234 y
1178 3153 1219 3221 ὥς
1242 3150 1390 3238 ἄχθομαι,

753 3265 818 3349 ὁτιὴ
840 3250 1028 3350 ’τελαθάμην
1051 3263 1123 3335 τοὺς
1143 3264 1306 3334 καδίσκους
1327 3262 1471 3350 ἐκφέρειν.
1762 3354 1765 3358 Δ

540 3377 594 3443 Ad
621 3376 758 3463 priorem
783 3396 908 3441 versum
937 3375 1114 3441 scholiasta:
1143 3374 1214 3467 τοὺς
1244 3375 1275 3440 ἐν
1302 3360 1348 3462 τιρ
1375 3375 1556 3463 δικαστηρίῳ
1583 3376 1704 3454 κάδους,

543 3492 574 3556 ἐν
601 3491 647 3562 οἷς
661 3470 721 3561 Ιτόις
745 3492 867 3576 ψήφους
888 3489 1050 3567 καθίεσαν,
1080 3488 1317 3575 ὑποκοριστικῶς
1343 3487 1432 3572 λέγει.
1477 3469 1540 3551 (δυο
1558 3484 1705 3581 tandem?

546 3625 600 3671 an,
618 3602 784 3685 scholiasta
811 3601 974 3685 cogitavit,
1001 3606 1039 3666 ut
1064 3601 1187 3688 saepius
1210 3601 1350 3667 Comicus
1378 3600 1511 3683 cogitare
1536 3599 1639 3682 iubet,
1666 3599 1706 3683 ad

545 3703 712 3787 καδίσκους
734 3715 884 3779 etsexta
914 3718 1017 3778 mente
1045 3719 1076 3777 et
1104 3712 1286 3797 cogitatione
1307 3710 1707 3798 subaudiendumaaaadui

543 3828 665 3911 Pergit:
695 3829 838 3914 ὀνομάζει
862 3828 896 3892 δὲ
919 3826 978 3891 ἀπὸ
1003 3824 1114 3913 μέρους
1136 3826 1169 3890 τδ
1193 3827 1402 3912 δικαστήριον,
1430 3826 1471 3896 ὥς
1492 3823 1707 3913 καὶπρότερον

544 3942 717 4029 κλεψύδραν
741 3940 814 4006 αὐτὸ
838 3923 963 4026 εἴρηκεν,
987 3939 1046 4003 άπὸ
1069 3942 1124 4002 τοῦ
1147 3938 1287 4025 κειμένου
1310 3938 1340 4003 ἐν
1364 3936 1450 4023 αὐτῷ
1471 3937 1611 4021 ἀγγείου,
1633 3936 1703 4024 πρὸ,

545 4055 562 4137 δ
587 4056 616 4120 οἱ
642 4056 767 4141 ῥήτορες
790 4052 907 4137 ἔλεγον.
953 4048 1060 4115 Paullo
1089 4049 1179 4113 aliter
1200 4049 1298 4114 idem:
1327 4048 1398 4121 τοὺς
1419 4051 1549 4128 κάδους,
1580 4048 1657 4113 ὅπου
1680 4049 1710 4135 αἱ

546 4172 657 4254 ψῆφοι.
694 4166 857 4236 καδίσκους
879 4163 961 4228 εἶπεν
986 4163 1224 4249 ὑποκοριστικῶς
1245 4163 1297 4234 τὰς
1318 4166 1457 4239 κάλπσις,
1481 4160 1558 4226 ἔνθα
1574 4162 1631 4231 τὰς
1655 4162 1710 4247 ψήι

545 4302 627 4366 ρους
657 4277 801 4346 καθίεσαν
833 4277 1011 4349 δικάζοντες.
1048 4274 1082 4337 ἐκ
1109 4273 1218 4337 τούτου
1248 4274 1281 4337 δὲ
1311 4275 1403 4358 δηλοῖ
1428 4273 1482 4356 τὴν
1506 4272 1555 4337 ἐπὶ
1575 4273 1608 4337 τὸ
1632 4275 1709 4359 δικας

545 4393 670 4478 στήριον
695 4388 802 4476 ἄφιξιν.
840 4385 1039 4473 Harpocratio
1062 4408 1087 4450 s.
1102 4408 1147 4450 v.:
1167 4385 1280 4456 Ἰσαῖος
1302 4386 1332 4450 ἐν
1355 4392 1400 4469 τῷ
1422 4386 1489 4470 περὶ
1510 4383 1711 4470 τοῢἋηνίορ

543 4505 664 4591 κλήρου
687 4500 818 4586 (Ml)
833 4498 953 4585 ἀγγεῖόν
976 4524 1013 4576 τι,
1041 4498 1083 4568 είς
1106 4497 1122 4561 ὃ
1146 4496 1362 4584 ἐψηφοφόρουν
1387 4497 1415 4559 οἱ
1438 4496 1584 4573 δικασταί,
1615 4496 1713 4595 σίτοις

545 4616 665 4701 ἔλεγον.
711 4614 864 4701 Φρύνιχος
885 4610 1024 4679 Μοίσαις
1538 4655 1601 4764 9⁵
1659 4682 1713 4713 ἶ
