4484 5467
544 595 582 658 18
927 588 1115 645 PROLEGOE.
1153 587 1265 643 OAPVT
1283 588 1295 642 1

542 765 631 843 hacc,
660 769 697 828 ut
716 762 886 829 Boeckhius
914 762 1073 826 verissime
1102 760 1182 825 vidit
1203 761 1223 825 l.
1245 761 1266 824 l.
1295 781 1325 845 p.
1348 759 1426 838 350,
1449 760 1484 824 in
1505 761 1584 827 libro
1614 762 1700 828 dida-

541 875 651 940 scalico
672 874 726 939 sed
747 873 780 937 in
803 874 864 941 alio
886 872 1032 959 quodam,
1067 874 1192 937 sortasse
1221 872 1254 936 in
1276 892 1326 949 eo,
1354 892 1413 955 quo
1436 872 1589 939 Graeciae
1603 875 1699 940 vitam
1765 867 1766 874 '

542 1009 577 1052 ac
599 1006 697 1052 mores
720 985 917 1064 describebat,
940 992 1002 1063 aut,
1026 1005 1103 1070 quae
1118 983 1264 1048 Meinehii
1286 985 1306 1047 l.
1328 984 1349 1047 l.
1371 1006 1401 1068 p.
1425 986 1443 1047 7
1467 992 1514 1050 est
1534 988 1699 1065 sententia,

542 1099 701 1184 inopere,
731 1098 812 1183 quod
837 1101 901 1185 περὶ
924 1103 1076 1184 μουσικῶν
1111 1097 1176 1161 sive
1198 1098 1403 1162 Διονυσιακῶν
1427 1100 1554 1181 ἀγώνων
1578 1120 1700 1185 compo-

541 1212 613 1290 suit,
637 1210 777 1295 quodque
798 1210 933 1275 Naelrius
955 1208 1106 1273 Meinekie
1128 1208 1314 1273 assentiente
1336 1215 1456 1294 partem
1476 1210 1572 1275 fuisse
1594 1212 1698 1294 magui

540 1324 625 1388 illius
654 1322 692 1386 de
720 1322 786 1387 vita
814 1322 957 1386 Graeciae
984 1321 1095 1407 operis
1109 1319 1239 1385 coniecit
1263 1319 1373 1383 Rhein.
1400 1320 1478 1385 Mus.
1506 1321 1534 1400 l,
1568 1324 1613 1387 40
1635 1346 1699 1409 sqq.

540 1434 645 1518 Neque
667 1433 899 1498 Eratosthenem
925 1433 986 1497 nisi
1015 1433 1048 1497 in
1078 1432 1157 1497 libro
1179 1435 1252 1519 περὶ1
1267 1433 1396 1519 ἀρχαίας
1417 1434 1584 1519 κωμῳδίας
1612 1434 1699 1499 dida·

539 1547 651 1612 sealica
665 1544 815 1630 quaedam
828 1551 974 1609 tractasse
988 1543 1144 1628 probabile
1167 1550 1227 1624 est3
1249 1538 1348 1628 neque
1364 1544 1459 1623 etiam
1473 1543 1699 1612 Callimachum

542 1660 749 1743 Cyrenaeum,
779 1657 867 1721 cuius
889 1656 982 1730 Πίναξ
1006 1677 1024 1720 a
1046 1654 1143 1719 Suida
1164 1654 1307 1721 laudatus
1329 1660 1398 1741 post
1418 1655 1608 1721 Pearsonum
1630 1679 1700 1744 per-

541 1791 635 1855 quam
656 1769 741 1835 varie
769 1768 808 1832 ab
835 1766 1018 1845 editoribus,
1048 1766 1285 1853 lexicographis,
1313 1767 1398 1847 aliis,
1425 1774 1462 1833 ut
1488 1790 1508 1833 a
1534 1768 1699 1861 Mainalia,

541 1881 707 1960 Boechhio,
729 1880 908 1966 exphcatur.
951 1879 1088 1959 Etenim,
1118 1878 1172 1963 qui
1193 1878 1430 1944 didascaliarum
1450 1901 1527 1966 epus
1547 1882 1699 1967 composi·

540 2002 630 2061 turus
657 1999 720 2072 est,
749 2012 810 2056 non
828 1996 946 2077 potest,
974 1997 1011 2057 ut
1037 1990 1233 2057 scholNub.
1256 1992 1445 2070 merefort,
1473 1992 1611 2077 ἐγκαλεῖν
1624 1985 1698 2067 ’ταῖς

542 2106 755 2177 διδασκαλίαις.
799 2103 904 2189 Neque
926 2102 1020 2168 etiam
1042 2102 1168 2188 reliqui,
1197 2102 1252 2188 qui
1272 2109 1328 2169 aut
1348 2103 1386 2168 de
1407 2104 1563 2188 tragoedia
1584 2112 1641 2171 aut
1662 2106 1697 2171 de

541 2219 697 2287 comoedia
717 2224 771 2283 aut
792 2217 830 2284 de
851 2223 981 2301 utraque
1003 2214 1096 2281 libros
1118 2213 1295 2295 edidenmt,
1318 2215 1499 2281 didascalias
1520 2223 1576 2282 aut
1598 2217 1697 2283 denuo

543 2331 698 2415 collegisse
719 2334 775 2394 aut
795 2349 832 2392 ex
846 2326 1011 2393 Aristotele
1032 2327 1228 2414 descripsisse
1242 2326 1440 2393 existimandi
1461 2335 1544 2394 sunt
1580 2330 1697 2415 lnqui-

542 2445 600 2509 bus
621 2447 695 2507 sunt
714 2439 849 2506 illustria
875 2440 1143 2524 grammaticorum
1171 2445 1202 2505 et
1222 2438 1487 2506 Aristotelicemm
1509 2447 1540 2506 et
1560 2440 1697 2507 Alexan·

543 2556 701 2621 drinorum
734 2558 765 2617 et
791 2551 1048 2634 Pergamenorum
1074 2552 1216 2631 nomina,
1249 2572 1269 2615 a
1296 2550 1448 2617 Meinehio
1477 2559 1630 2638 quatenus
1660 2554 1697 2619 ad

542 2666 728 2733 comoediam
743 2664 907 2751 pertinent,
930 2664 1120 2731 aWelckero
1136 2664 1275 2749 aliisque,
1297 2668 1334 2728 ut
1354 2684 1436 2728 ame
1451 2664 1526 2750 ispo,
1543 2670 1695 2750 quatenus
1735 2666 1737 2670 ”

495 2780 499 2787 ’
540 2778 727 2863 tragoediam
749 2776 896 2841 Graecam
922 2776 1171 2856 illustraverunt,
1199 2774 1325 2841 collecta
1354 2780 1386 2840 et
1414 2775 1569 2862 disposita
1613 2778 1696 2843 Inter

540 2912 618 2977 quae
640 2888 815 2961 maximam,
831 2888 926 2954 fateor
947 2887 1172 2954 dubitationem
1193 2886 1374 2952 Callimachi
1396 2887 1454 2953 iste
1475 2887 1554 2953 liber
1574 2910 1695 2955 movere

539 3009 648 3090 potest,
670 3007 777 3067 utrum
798 3000 931 3083 genuine
953 3000 1019 3065 eius
1041 2999 1133 3065 titulo
1154 3006 1280 3065 utamur
1301 3020 1342 3064 an
1364 3007 1524 3086 corrupta·
1557 3001 1606 3066 Ac
1621 3002 1696 3066 Mei-

529 3103 649 3179 ¹nehius
677 3113 816 3199 quidem,
850 3114 870 3177 l.
892 3112 913 3178 l.
935 3135 965 3199 p.
990 3114 1046 3191 ll,
1079 3132 1142 3178 non
1170 3110 1292 3177 dubitat
1321 3113 1521 3177 διδασκαλιῶν
1555 3112 1695 3191 scribere,

542 3227 674 3313 ,quippe
696 3227 784 3292 euius
805 3224 928 3291 tabulae
950 3229 1048 3289 totam
1057 3265 1059 3271 ι
1069 3222 1210 3288 οιιιιιίιιιιι
1230 3222 1405 3287 fabularum
1419 3222 1601 3289 memoriam
1615 3216 1696 3290 eomss

539 3337 780 3424 plectebantur“.
824 3336 932 3403 Paullo
953 3336 1074 3401 cautius
1095 3334 1266 3401 Boechhius
1293 3335 1314 3399 l.
1335 3336 1356 3401 l.
1378 3358 1408 3422 p.
1432 3336 1509 3401 350:
1540 3336 1696 3417 ,Eandm

539 3470 604 3513 rem
626 3449 662 3533 (i.
684 3471 710 3513 e.
733 3448 924 3528 didascalica,
953 3469 1014 3515 non
1036 3446 1228 3526 didascalus,
1251 3453 1287 3512 ut
1309 3468 1346 3512 ex
1367 3448 1417 3527 iis,
1440 3469 1518 3533 quae
1540 3448 1579 3513 de
1600 3450 1696 3533 Cary·

539 3564 598 3629 stio
620 3569 652 3627 et
668 3543 852 3627 Dicaearcho
873 3560 956 3626 dicta
976 3560 1114 3647 proxime
1137 3558 1331 3638 antecedunt,
1354 3560 1453 3646 patet)
1474 3559 1696 3628 aCallimacho

538 3679 755 3762 pertractatam
783 3677 902 3737 constat
934 3673 1034 3738 πίνακι
1069 3708 1110 3717 -·
1139 3675 1339 3737 διδασκαλιῶν
1374 3672 1429 3756 (al.
1459 3675 1693 3759 διδασκαίλων).(ι

538 3786 640 3851 Aliter
661 3785 800 3850 Ranhius
822 3784 884 3849 Vit.
906 3784 961 3849 Ar.
983 3806 1012 3869 p.
1028 3783 1129 3862 CLXI,
1153 3783 1242 3848 aliter
1256 3782 1442 3849 Ritschelius
1464 3783 1553 3848 Alex.
1568 3784 1650 3851 Bibl.
1665 3808 1696 3873 p.

539 3900 595 3978 203
624 3898 712 3962 alitm
734 3898 827 3962 etiam
850 3895 1076 3978 Bernhardyus,
1099 3894 1153 3979 qui
1180 3894 1370 3978 singularem
1392 3895 1516 3975 librum,
1539 3896 1634 3972 Πίναξ
1657 3902 1695 3965 δι-

539 4014 709 4077 δασκαλιῶν
732 4008 925 4095 inscriptum,
948 4007 1135 4072 Callimacho
1154 4006 1339 4072 vindicabat.
1376 4006 1696 4075 enunciantes.

538 4122 616 4187 Mus.
638 4122 695 4200 Vl,
725 4120 806 4185 1848
829 4142 859 4206 p.
882 4120 944 4184 244
967 4141 1031 4203 sqq.
1075 4118 1242 4204 Equidem,
1271 4118 1434 4184 scholiasta
1454 4121 1508 4185 Ar.
1530 4119 1610 4185 Nub.
1634 4123 1696 4187 549

538 4234 639 4319 (552),
663 4231 822 4299 Athenaeo
843 4232 887 4296 XI
908 4252 938 4316 p.
952 4233 1015 4295 496
1032 4232 1062 4312 t,
1085 4230 1248 4297 scholiasta
1266 4231 1383 4295 Veneto
1401 4229 1506 4295 Cobeti
1529 4231 1569 4296 ad
1590 4232 1696 4320 Eurip.

527 4346 685 4411 Androm.
708 4345 770 4408 446
794 4343 923 4407 ducibus
943 4342 1073 4407 titulum
1095 4342 1182 4407 libri:
1204 4343 1298 4418 Πίναξ
1320 4347 1380 4409 τῶν
1402 4344 1477 4408 κατὰ
1493 4342 1625 4430 χρόνους
1647 4350 1697 4412 καὶ

538 4456 586 4521 ἀπ’
612 4448 711 4545 ἀρχῆς
733 4455 905 4542 γενομένων
930 4457 1118 4521 διδασκάλων
1142 4456 1192 4520 καὶ
1208 4458 1418 4532 διδασκαλιῶν,
1440 4455 1535 4519 fuisse
1549 4456 1696 4543 suspicor,

538 4588 632 4652 eoque
654 4568 847 4651 singulorum
869 4587 1020 4631 annorum
1041 4573 1146 4652 poetas
1168 4588 1332 4652 eorumque
1355 4566 1473 4632 fabulas
1502 4579 1697 4656 enumeratas
