4484 5467
540 612 581 674 74
920 614 1108 670 Paoacoou.
1143 615 1257 669 curvi
1273 614 1310 668 Ill

538 802 654 866 sueque
674 789 759 848 stans
780 785 844 851 loco
865 788 1002 872 putanda
1023 794 1079 867 est,
1101 809 1202 873 neque
1222 806 1360 870 unquam
1381 784 1518 849 dimidia
1539 807 1614 871 pars
1628 807 1689 849 ran-

539 894 688 975 tantium,
717 916 795 979 quae
816 907 938 962 caneret
959 899 1055 963 altera
1075 906 1162 985 parta
1183 899 1308 979 silente,
1338 898 1485 983 quemvis
1507 898 1619 962 eedem
1638 898 1691 962 loco

539 1005 648 1069 chorus
675 1007 861 1073 constitisset
886 1010 1077 1075 coniunctus.
1127 1010 1209 1075 llaec
1237 1017 1341 1073 tamen
1373 1007 1461 1074 chori
1494 1008 1612 1073 divisio
1642 1028 1693 1093 qna

538 1116 663 1182 tandem
690 1119 807 1183 ratione
828 1121 908 1185 facta
928 1143 995 1185 esse
1020 1121 1141 1207 potest?
1173 1121 1290 1186 Tacent
1316 1126 1443 1198 veteres,
1474 1120 1628 1186 diiidunt
1647 1142 1692 1184 no

539 1236 663 1309 stratos,
690 1229 847 1295 dividendi
875 1231 993 1296 ratione
1020 1253 1082 1297 non
1114 1231 1274 1317 explicata
1323 1232 1466 1316 Namque
1498 1232 1693 1297 Hermaeum

539 1341 560 1404 l.
589 1340 609 1403 Ι.
645 1342 866 1420 „Quamobrem
900 1344 966 1407 veri
998 1343 1098 1408 simile
1132 1343 1269 1425 videtur,
1303 1342 1428 1429 epodica
1456 1342 1505 1408 ita
1532 1350 1608 1409 acte
1627 1365 1693 1423 eaeo,

538 1461 574 1518 ut
596 1451 720 1535 ohoru's,
749 1454 824 1519 dum
846 1457 1003 1542 stropham
1024 1462 1116 1540 atque
1138 1455 1361 1542 antistropham
1382 1461 1523 1537 caneret,
1547 1455 1629 1519 duas
1649 1476 1693 1539 op

538 1567 653 1652 positas
673 1574 775 1651 partes
796 1568 966 1632 orchestrae
987 1575 1114 1650 teneret,
1137 1568 1268 1654 epodum
1290 1573 1395 1631 autem
1416 1572 1544 1631 caneret
1567 1566 1694 1631 stansin

502 1711 505 1716 ·
539 1662 638 1743 medio
666 1678 836 1743 orchestrae
863 1680 957 1745 loco.“
1003 1680 1101 1765 Atqui
1129 1679 1254 1765 epodica
1282 1679 1316 1742 in
1343 1677 1567 1763 superstitibus
1589 1676 1694 1742 fabulis
1736 1735 1737 1750 ,

537 1809 685 1876 perquam
712 1811 782 1854 rara
808 1797 907 1871 sunt,
929 1797 965 1855 ut
991 1791 1031 1855 ad
1062 1791 1201 1874 regulam
1231 1790 1404 1868 faciendam
1434 1811 1500 1855 non
1532 1790 1694 1855 sufficiant

539 1901 694 1977 Quomodo
720 1902 816 1985 igitur
843 1902 951 1967 chorus
980 1902 1149 1967 dividitur?
1178 1902 1213 1966 in
1243 1901 1392 1988 episodiis.
1407 1901 1494 1965 enim
1516 1901 1695 1967 coniunctus

539 2019 594 2076 est.
638 2013 705 2078 Non
727 2014 789 2079 alia
810 2015 911 2079 hercle
932 2016 1065 2098 ratione,
1094 2016 1155 2079 nisi
1177 2016 1285 2097 tacite,
1313 2020 1481 2097 antequam
1509 2020 1568 2079 aut
1597 2014 1696 2078 dextra

539 2130 594 2189 aut
614 2126 740 2191 sinistra
759 2149 840 2213 pars,
853 2128 899 2203 ,de
922 2149 983 2212 qua
997 2148 1030 2191 re
1045 2127 1123 2191 nihil
1138 2126 1292 2212 praecepit
1312 2126 1361 2191 vir
1374 2145 1528 2207 summus,
1550 2126 1695 2214 inciperet

540 2257 656 2319 canere,
679 2239 825 2304 stationes
847 2245 1043 2324 occuparunt.
1088 2238 1194 2320 Porro,
1218 2259 1315 2322 quum
1336 2258 1353 2301 e
1374 2236 1549 2301 scholiastis
1574 2234 1694 2318 constat,

541 2351 670 2414 sormam
692 2351 775 2416 chori
797 2352 891 2415 fuisse
913 2352 1093 2435 quadratam
1116 2356 1148 2415 et
1168 2351 1277 2433 tragici
1298 2357 1329 2415 et
1351 2348 1473 2430 comici,
1497 2370 1563 2433 qua
1584 2350 1694 2415 ratione

541 2463 692 2543 tragicum
724 2463 921 2528 distributum
956 2486 1020 2530 esse
1053 2463 1285 2528 existimamus?
1319 2464 1359 2527 Vt
1386 2468 1515 2527 restaret
1547 2483 1608 2527 suo
1640 2461 1694 2529 loeo

540 2575 697 2658 choragus,
719 2596 773 2638 sex
793 2575 921 2657 sinistri,
944 2583 1100 2662 assumpto
1123 2596 1139 2638 e
1161 2576 1251 2640 tertio
1272 2575 1343 2657 iugo
1365 2575 1520 2652 choreuta,
1543 2574 1694 2640 sinistror-

542 2708 612 2751 sum
633 2686 762 2768 abirent,
785 2688 860 2751 item
882 2709 934 2751 sex
957 2688 1056 2752 dextri
1078 2709 1149 2751 cum
1177 2687 1306 2771 septimo
1334 2707 1390 2751 suo
1416 2685 1648 2754 dextrorsum?
1661 2706 1693 2748 an

542 2798 637 2863 altera
663 2819 734 2883 pars
763 2819 800 2862 ex
822 2804 888 2863 octo
916 2798 1082 2879 chomatis,
1112 2797 1216 2862 addito
1243 2798 1386 2880 chorago,
1414 2797 1512 2861 altera
1539 2818 1556 2861 e
1586 2804 1693 2884 septem

541 2909 712 2975 constaret?
749 2911 864 2976 Comici
894 2913 978 2977 chori
1004 2912 1114 2977 divisio
1143 2933 1216 2976 sane
1244 2910 1428 2995 expeditior,
1455 2909 1510 2974 sed
1538 2912 1692 2994 utrobique

541 3022 787 3107 prospiciendum
815 3024 909 3089 fuisse
934 3024 1129 3105 crediderim,
1163 3028 1199 3087 ut
1231 3043 1324 3107 quam
1357 3020 1491 3085 maxime
1524 3044 1585 3107 par
1617 3024 1693 3087 ficret

543 3155 689 3200 numerus
713 3138 927 3214 δεξιοστατῶν,
951 3140 1178 3222 λαυροστατῶν,
1200 3136 1477 3222 ἀριστεροστατῶν,·
1491 3134 1559 3198 sive
1587 3157 1692 3223 crpore

544 3254 656 3323 στατῶν
686 3255 759 3330 etc,
788 3254 823 3313 ut
850 3248 973 3331 utrique
1001 3248 1082 3333 parti
1108 3247 1193 3312 idem
1220 3267 1368 3333 numerus
1400 3244 1549 3312 viliorum
1574 3247 1692 3313 choreu-

546 3365 661 3441 tarum,
684 3365 744 3425 τῶν
768 3364 980 3447 λαυροστατῶν
1010 3359 1195 3443 (dequibus
1218 3361 1270 3422 ch.
1293 3359 1489 3422 Photiumet
1511 3351 1693 3446 Hesychium

544 3496 568 3535 s.
584 3471 627 3555 v.)
650 3472 815 3539 obveniret.
859 3473 974 3536 Verum
997 3472 1183 3551 enimvero,
1206 3471 1266 3534 nisi
1289 3470 1454 3553 singularis
1476 3477 1572 3555 atque
1594 3470 1693 3535 idonea

544 3605 635 3648 causa
656 3586 763 3668 fuerit,
793 3586 919 3650 chorum
939 3606 1092 3669 nusquam
1114 3584 1250 3649 divisum
1271 3604 1336 3647 osse
1358 3583 1522 3663 coeundo,
1552 3590 1647 3667 atque
1665 3586 1694 3644 ut

544 3695 661 3759 divisus
683 3718 745 3761 non
766 3698 868 3779 fuerit,
891 3698 935 3762 ita
957 3696 1093 3760 carmina
1114 3716 1172 3759 sua
1193 3716 1254 3759 uno
1277 3716 1327 3760 ore
1349 3694 1531 3759 cantarisse.
1568 3691 1693 3758 Difficile

545 3807 735 3890 confirmatu,
759 3809 839 3892 quod
860 3809 936 3890 dico,
960 3829 1058 3891 neque
1080 3828 1151 3872 vero
1166 3807 1362 3871 Hermannus
1376 3826 1447 3870 suas
1462 3805 1585 3888 regulas
1601 3826 1695 3869 exem·

544 3920 604 4005 plis
631 3921 775 3985 firmavit.
818 3921 969 4004 Equidem
995 3922 1210 3985 choreuterum
1238 3918 1484 3984 coniunctionem
1510 3918 1574 3981 iere
1596 3936 1696 4002 perpe·

545 4042 632 4099 tuam
654 4053 688 4096 eo
710 4032 905 4117 potissimum
928 4032 1124 4113 defenderim,
1147 4031 1343 4115 quodetiam
1364 4030 1513 4106 meliores,
1538 4032 1567 4093 οἱ
1588 4052 1697 4115 πρωτο·

548 4149 658 4229 cruitur,
681 4165 742 4209 non
765 4148 852 4207 erant
872 4144 918 4207 ita
939 4144 1020 4206 tirmi
1043 4150 1135 4226 atquc
1157 4141 1323 4222 exercitati,
1346 4141 1400 4224 qui
1423 4140 1478 4204 soli
1498 4160 1609 4204 cancre
1635 4160 1698 4225 pos·

546 4263 629 4337 sent,
656 4257 728 4321 licet
754 4254 836 4319 modi
865 4255 1036 4319 carminum
1065 4255 1180 4318 fuerint
1207 4252 1439 4338 simplicissimi.
1483 4251 1571 4315 ‘dnus
1600 4250 1698 4329 est,i

546 4374 685 4458 ἡγεμών,
718 4373 734 4433 ὁ
765 4368 903 4454 ἔξαρχος,
932 4389 1025 4451 quem
1050 4368 1277 4452 praecinentem
1304 4370 1477 4448 sequuntur
1498 4362 1625 4446 reliqui:
1653 4362 1699 4426 clr.

547 4485 674 4549 Aristot.
690 4483 727 4547 de
741 4480 856 4546 mundo
872 4503 897 4545 c.
914 4483 942 4545 6.
964 4480 1110 4565 problem.
1126 4479 1209 4561 XIX,
1227 4481 1277 4544 22.
1292 4480 1334 4543 46
1358 4485 1388 4543 ct
1410 4498 1485 4561 quos
1501 4475 1700 4540 Schneiderus

548 4601 704 4681 praeterea
725 4595 864 4663 laudavit
884 4593 905 4657 l.
927 4594 948 4659 Ι.
968 4615 1000 4679 p.
1022 4595 1102 4677 201,
1131 4593 1306 4670 Platonem,
1328 4590 1524 4672 Diomedem,
1546 4587 1700 4655 Senecam.
