4484 5467
559 654 604 706 ΒΕ
622 652 793 707 IVDIOIBVS
811 652 1070 708 luuuumuslvu
1087 654 1268 725 urssvsovu
1285 656 1514 713 IVDIOIALIBVS
1577 660 1625 725 99.
1750 646 1752 650 V

455 826 571 892 omisso
593 844 727 909 quoque,
757 823 839 909 quod
860 845 898 888 ex
919 831 1025 910 poetae
1053 827 1207 891 sententia
1234 827 1364 892 avaritia
1385 829 1452 920 fero·
1467 828 1550 894 idom
1572 839 1619 897 est

456 943 552 1021 atque
583 941 764 1022 paupertas,
798 935 927 1018 omisso,¹
959 938 1040 1021 quod
1072 937 1225 1004 Philocleo
1253 956 1444 1026 summopere
1472 941 1619 1024 gloriatur

457 1029 632 1133 gaudetque
654 1048 782 1113 triobolo
804 1052 835 1112 et
856 1048 1031 1134 aooipiendo
1054 1057 1085 1115 et
1105 1056 1230 1137 accepto
1251 1072 1280 1115 v.
1303 1052 1364 1116 665
1387 1073 1469 1137 sqq:
1491 1074 1524 1117 re
1546 1075 1619 1119 vera

457 1166 561 1247 patres
582 1160 715 1225 familias
736 1180 885 1245 pauperes
907 1160 1001 1225 fuisse
1017 1162 1215 1228 existimandi
1235 1168 1318 1241 sunt,
1341 1163 1454 1249 quippe
1469 1164 1524 1247 qui
1545 1165 1619 1231 filiis

457 1272 574 1339 adultis
597 1253 705 1337 domus
727 1272 883 1357 totiusque
904 1273 950 1337 rei
971 1266 1134 1339 familiaris
1148 1274 1388 1340 moderationem
1407 1276 1618 1359 permittentes

458 1407 478 1449 a
495 1385 601 1449 liberis
618 1405 656 1449 se
670 1384 713 1448 ali
734 1382 784 1448 vel
805 1390 984 1468 paterentur
1005 1384 1054 1448 vel
1069 1386 1146 1471 proh
1160 1386 1281 1452 miseri!
1304 1392 1491 1470 cogerentur.
1528 1388 1619 1453 Tales

458 1501 533 1562 sunt
560 1502 661 1582 patres
689 1495 837 1578 familias,
871 1502 908 1561 ut
933 1496 1081 1580 proximis
1104 1501 1135 1559 et
1160 1497 1331 1562 notissimis
1360 1498 1509 1585 exemplis
1538 1494 1618 1583 utar,

459 1607 651 1694 Strepsiades
673 1607 827 1685 Nubium,
856 1607 1009 1672 Philocleo
1037 1607 1222 1692 Vesperum3
1251 1608 1284 1673 hi
1310 1609 1434 1674 iudioiis
1460 1610 1619 1676 incumbe-

461 1722 560 1802 bant,
571 1726 608 1785 ut
630 1739 829 1785 nummorum
843 1718 1073 1803 aliquantillum
1094 1720 1155 1785 sibi
1169 1721 1311 1786 laoerent.
1347 1722 1454 1808 Itaque
1468 1722 1620 1789 Philooleo

457 1855 486 1898 v.
510 1833 591 1897 612:

754 1942 901 2009 τούτοισιν
925 1944 986 2028 ἐγὼ
1008 1942 1295 2031 γάνομαι,κοθ’μή
1322 1968 1359 2031 με
1382 1948 1478 2048 δεήσῃ

548 2059 580 2129 ἐς
604 2058 638 2121 σὲ
662 2056 769 2145 βλέψαι
791 2056 912 2121 καὶτὸν
934 2056 1053 2142 ταμίαν,
1079 2054 1166 2119 ὁπότ’
1192 2055 1311 2141 ἄριστον
1336 2058 1507 2144 παραθήσει

547 2170 797 2255 καταρασάμενος
818 2170 867 2233 καὶ
889 2167 1086 2253 τονθορύσας,
1109 2166 1204 2253 ἄλλην
1230 2168 1272 2253 μή
1299 2191 1349 2253 μοι
1372 2170 1449 2255 ταχὺ
1475 2172 1573 2256 μα’ξρ·

547 2283 618 2346 τάδε
640 2280 785 2367 κέκτημαι
807 2278 971 2366 πρόβλημα
992 2283 1105 2357 κακῶν,
1130 2280 1240 2364 σκευὴν
1265 2278 1377 2366 βελέων
1402 2281 1560 2368 ἀλεωρήντ

456 2395 492 2460 hi
506 2413 598 2480 porro
619 2392 658 2455 ab
674 2390 826 2468 omuibus,
847 2389 991 2475 inprimis
1007 2374 1027 2453 a
1051 2390 1148 2455 servis
1170 2391 1203 2476 (ὁ
1218 2392 1328 2476 ταμίας
1343 2412 1373 2455 ν.
1390 2391 1467 2475 613)
1489 2392 1621 2479 pessimo

458 2506 631 2586 habentur,
661 2524 691 2568 ν.
715 2504 778 2567 442
808 2502 876 2587 (efr.
904 2501 1036 2585 primam
1058 2502 1150 2587 Vesp.
1172 2502 1319 2587 scenam),
1346 2502 1471 2589 pristini
1499 2505 1622 2591 imperii

458 2616 611 2684 memoria
632 2637 651 2680 a
673 2633 853 2695 successore,
876 2619 912 2677 ut
933 2613 1065 2696 videtur,
1087 2635 1211 2699 prorsus
1233 2614 1342 2679 deleta.

546 2729 586 2793 V.
630 2726 778 2812 Sequitur
797 2726 837 2790 de
863 2729 1020 2790 sortitione
1040 2727 1178 2791 iudicum
1206 2726 1345 2809 quaestio
1366 2726 1441 2791 satis
1462 2728 1624 2814 impedita:

457 2843 504 2907 De
533 2838 682 2906 sortiendi
715 2843 818 2903 autem
850 2837 939 2902 modo
967 2856 1002 2900 ae
1035 2836 1152 2901 ratione
1183 2858 1281 2921 quum
1309 2837 1560 2905 aSohoemanno
1586 2841 1621 2905 in

458 2953 642 3039 scriptione:
672 2951 718 3014 De
745 2949 903 3015 sortitione
931 2947 1084 3026 iudicum,
1122 2948 1233 3033 Opuso.
1267 2949 1351 3014 aead.
1374 2950 1388 3013 Ι
1415 2972 1446 3035 p.
1468 2951 1532 3016 200
1554 2974 1620 3036 sqq.

459 3063 699 3149 diligentissime
720 3062 893 3149 expositum
915 3061 966 3143 sit,
988 3060 1065 3125 item
1085 3081 1104 3124 a
1124 3059 1290 3125 Fritmehio
1310 3061 1345 3124 in
1368 3063 1622 3126 commentatione

463 3180 530 3261 ,De
552 3175 711 3251 sortitione
732 3174 871 3239 iudicum
893 3156 975 3259 apud
996 3172 1220 3238 Athenienses“
1250 3172 1350 3237 multa
1376 3172 1532 3255 ingenioso
1559 3174 1623 3238 sint

458 3290 598 3378 prolate,
620 3308 703 3353 nuno
725 3286 762 3351 de
784 3288 903 3352 civibus
925 3284 1101 3372 sortiendis,
1125 3284 1231 3371 quales
1252 3284 1381 3366 fuerint,
1408 3284 1464 3349 ubi
1485 3284 1519 3347 in
1540 3289 1622 3349 terra

461 3403 571 3470 Attica
598 3399 823 3481 habitaverint,
852 3398 1024 3464 Athenisne
1050 3418 1090 3461 an
1118 3403 1184 3462 tota
1204 3396 1309 3462 Attica
1330 3396 1449 3461 sortitio
1470 3397 1551 3462 laeta
1572 3398 1622 3475 sit,

461 3535 564 3601 agam.
609 3512 669 3589 Qui
690 3510 758 3575 fieri
779 3511 895 3597 potuit,
918 3516 969 3593 ut,
992 3510 1047 3594 qui
1067 3510 1118 3575 vel
1140 3508 1231 3573 Sunii
1252 3507 1302 3575 vel
1324 3509 1481 3574 Braurone
1501 3510 1623 3575 habits-

459 3629 549 3705 bant,
571 3630 603 3689 et
624 3622 777 3690 sortitioni
798 3629 830 3687 et
850 3622 973 3688 iudiciis
992 3622 1162 3687 comitiisve
1183 3620 1387 3685 interessent?
1422 3621 1536 3699 Quodsi
1551 3643 1621 3687 eum

460 3737 617 3805 Boeolrhio
643 3735 760 3802 oivium
781 3734 954 3799 Attioorum
983 3734 1045 3798 fere
1074 3732 1186 3815 viginti
1213 3733 1302 3797 milia
1328 3733 1421 3797 fuisse
1443 3734 1624 3820 accipimus,

461 3857 540 3938 quot
566 3848 698 3913 Athenis
723 3847 894 3927 habitasse,
927 3853 1002 3930 quot
1029 3847 1063 3910 in
1091 3846 1173 3927 agris
1194 3845 1325 3932 putandi
1347 3845 1440 3910 sunt?
1482 3845 1622 3932 Namque

462 3960 721 4047 Thucydidesll,
746 3960 787 4023 14
814 3960 888 4023 haee
917 3961 1037 4023 narrat:
1067 3960 1095 4022 oi
1118 3960 1152 4023 δὲ
1172 3958 1332 4044 Ἀθηναῖοι
1355 3957 1538 4030 ἀκούσαντες
1559 3962 1622 4024 οἷνε-

418 4087 426 4098 “
461 4072 607 4142 πείθοντό
634 4095 667 4138 τε
693 4074 745 4138 καθ’
760 4071 970 4157 ’διεκομίζοντο
1000 4073 1034 4136 ἐκ
1061 4076 1121 4136 τῶν
1152 4073 1254 4157 ἀγρῶν
1277 4074 1388 4142 παῖδας
1409 4073 1459 4136 καὶ
1480 4077 1624 4155 γυναῖκας

461 4192 514 4255 καὶ
535 4187 591 4272 τὴν
614 4184 708 4271 ἄλλην
732 4186 929 4269 κατασκευήν,
950 4180 973 4269 ἢ
996 4184 1063 4250 κατ’
1089 4183 1174 4248 οἶκον
1194 4184 1347 4270 ἐχρῶντο,
1369 4185 1419 4248 καὶ
1440 4183 1540 4248 αὐτῶν
1563 4186 1623 4247 τῶν

465 4303 572 4367 οἰκιῶν
594 4298 810 4385 καθαιροῦντες
831 4297 886 4381 τὴν
905 4296 1043 4374 ξύλωσιν,
1066 4295 1201 4384 πρόβατα
1224 4296 1257 4359 δὲ
1278 4297 1328 4359 καὶ
1344 4296 1498 4380 ὑποζύγια
1520 4296 1552 4363 ἐς
1567 4296 1623 4378 τὴν

463 4412 601 4502 Εὔβοιαν
618 4408 820 4495 διεπέμψαντο
842 4410 893 4472 καὶ
913 4408 945 4478 ἐς
966 4407 1018 4478 τὰς
1039 4408 1153 4492 νήσους
1174 4407 1226 4478 τὰς
1248 4408 1445 4493 ἐπικειμένας.
1481 4410 1624 4492 χαλεπῶς

462 4528 497 4592 δὲ
521 4522 629 4592 adroic
650 4521 698 4586 διὰ
719 4521 758 4585 τὸ·
776 4521 823 4585 ἀεὶ
844 4519 984 4584 εἰωθέναι
1012 4518 1084 4590 aab}
1110 4518 1245 4590 πολλοὺς
1274 4520 1391 4588 ἐντοῖς
1420 4519 1525 4604 ἀγροῖς
1553 4519 1623 4582 διαι·

461 4638 573 4704 τᾶσθαι
596 4634 618 4717 ἡ
636 4634 797 4703 ἀνάστασις
818 4629 945 4718 ἐγένετο.
982 4630 1108 4695 Fartum
1124 4631 1180 4696 hoe
1195 4631 1322 4694 ineu'dte
1342 4628 1422 4693 bello
1437 4625 1625 4713 Peloponne-
