4484 5467
958 618 1154 680 ΣοΗΚΕΣ
1567 630 1630 696 333

626 793 722 882 γλαῦξ
744 795 802 883 γὰρ
824 796 926 881 ἡμῶν,
947 798 1014 884 πρὶν
1032 796 1195 884 μάχεσθαι,
1216 798 1267 863 τδν
1291 800 1415 886 στρατδν
1438 800 1585 866 διέπτατο.

626 908 691 975 εἶτα
713 907 743 973 δ’
767 906 945 994 ἑσπύμεσθα
967 908 1166 984 θυννάζοντες
1188 910 1230 984 εἰς
1251 909 1322 982 τοδς
1344 912 1511 982 θυλάκους·

628 1022 656 1085 οἱ
678 1019 708 1086 δ’
734 1019 865 1108 ἔφευγον
887 1021 939 1092 τὰς
960 1021 1093 1106 γνάθους
1114 1022 1238 1093 καὶτὰς
1259 1022 1354 1110 δφρύς
1375 1024 1585 1109 κεντούμενοι·

627 1134 705 1199 ὥστε
727 1134 808 1221 παρὰ
829 1136 891 1205 τοῖς
915 1135 1091 1222 βαρβάροισι
1113 1138 1270 1221 πανταχοῦ
1293 1136 1343 1199 καὶ
1365 1139 1416 1198 νῦν
1442 1133 1485 1199 ἔτι
1587 1138 1592 1146 ’

628 1246 723 1333 μηδὲν
742 1244 882 1311 Ἀττικοῦ
905 1246 1064 1311 καλεῖσθαι
1089 1246 1204 1332 σφηκὸς
1227 1249 1453 1335 ἀνδρικώτερον.

627 1356 687 1446 άρα
710 1358 807 1429 δεινδς
827 1356 849 1445 η
872 1356 940 1423 τόθ’
966 1359 1045 1424 ὥστε
1066 1359 1163 1423 πάντα
1187 1359 1229 1444 μὴ
1254 1360 1429 1439 δεδοικέναι,
1499 1363 1560 1425 ἀντ.

781 1470 832 1537 καὶ
851 1473 1100 1559 κατεστρεψάμην

511 1727 619 1783 ν.1086.
655 1726 771 1782 διέπτατο
798 1728 829 1781 R.
856 1727 888 1782 V.
915 1727 1000 1796 vulgo.
1035 1727 1147 1783 διέπτατο
1172 1728 1284 1784 Branek.
1311 1728 1409 1783 Invern.
1437 1731 1562 1801 Hirscbig.
1597 1732 1628 1785 ol.

541 1830 609 1885 supr.
628 1814 699 1869 adr.
714 1814 754 1870 16.

510 1917 617 1972 aroer.
654 1916 677 1972 υ
699 1914 829 1989 aenaeae
851 1917 917 1971 ven.
939 1899 1041 1970 escon.
1078 1913 1216 1987 τιττμανν
1239 1917 1270 1971 n.
1293 1916 1372 1972 nem.
1395 1918 1521 1988 πτανοῖς.
1557 1920 1629 1974 απι-

540 2000 622 2075 μεσθσ
646 2005 724 2075 vulgo
748 2008 774 2058 et
796 2005 865 2058 Reis.
890 2002 917 2058 0.
936 2021 963 2073 p.
982 2002 1041 2058 222.
1077 2002 1147 2056 Bene
1164 2020 1192 2056 se
1209 2003 1287 2056 babet
1305 2002 1394 2073 ἑσπύμ.
1412 2009 1437 2057 et
1455 2005 1567 2079 ἔρευηον.
1602 2010 1630 2060 In

542 2094 611 2148 notis
629 2093 755 2163 Hirsobig.
767 2091 940 2161 proponebat:
957 2089 1001 2144 εἶτ’
1018 2086 1184 2160 remansere,
1201 2105 1252 2143 non
1263 2091 1386 2159 probatus
1398 2092 1426 2145 0.
1438 2091 1466 2145 F.
1479 2093 1630 2146 Hermanno.

508 2195 619 2250 v.1091.
655 2192 746 2269 ἦντύθ
769 2197 800 2251 R.
827 2194 859 2267 ην
882 2192 939 2249 τόθ’
966 2195 997 2250 V.
1022 2211 1073 2249 see.
1097 2195 1159 2249 Gob.
1185 2194 1202 2267 ᾖ
1225 2196 1309 2262 vulgo.
1346 2197 1402 2249 Ηυο
1424 2197 1491 2248 enim
1513 2199 1631 2266 pertinet,

538 2283 606 2352 quod
625 2283 658 2337 ad
676 2300 700 2338 ν.
720 2283 924 2351 107410gimus=
942 2281 972 2335 τδ
990 2282 1017 2334 tl
1034 2281 1051 2355 ἦ
1070 2281 1126 2335 ἀντὶ
1142 2286 1188 2335 τοῦ
1206 2281 1237 2354 ἠν
1254 2278 1389 2346 Ἀττικῶς,
1408 2280 1444 2341 ὡς
1461 2282 1491 2335 τὸ
1511 2283 1543 2356 ,ἦ
1556 2302 1630 2357 παρτ·

537 2370 723 2440 σκευασμένος“
757 2369 783 2422 ἐν
811 2365 919 2439 Πλούτῳ
947 2370 981 2433 (ν.
1007 2369 1058 2434 17).
1093 2368 1189 2428 {ladem
1215 2369 1268 2422 iere
1293 2369 1372 2423 schol.
1399 2368 1432 2422 ad
1454 2369 1479 2423 h.
1502 2386 1526 2423 ν.
1550 2371 1581 2425 el.
1599 2371 1631 2424 0.

469 2487 472 2494 ·
537 2457 625 2511 Herm.
644 2455 677 2509 ad
695 2455 774 2525 Soph.
792 2453 854 2507 Oed.
873 2454 903 2508 Τ.
920 2471 959 2524 pr.
976 2453 1024 2507 XI.
1041 2483 1075 2492 -
1093 2453 1125 2526 ἠν
1143 2453 1236 2522 Bergk.
1256 2455 1288 2509 ol.
1305 2455 1394 2510 Elmel.
1411 2456 1490 2524 Soph.
1509 2455 1538 2509 0.
1557 2457 1586 2509 Τ.
1604 2474 1630 2526 p.

539 2542 600 2598 XII.
636 2542 715 2596 Deeet
732 2556 815 2606 senes,
832 2540 913 2593 forma
931 2540 1034 2609 antiqua
1051 2540 1097 2593 nti.

571 2658 607 2667 -
627 2629 710 2682 πάντα
728 2628 765 2697 μὴ
785 2627 922 2680 δεδοικέναι
938 2626 1010 2691 libri,
1028 2625 1113 2694 vulgo.
1149 2628 1231 2680 πάντα
1254 2627 1287 2696 μ’
1306 2627 1336 2680 ἂν
1360 2628 1491 2682 Dobraeus
1512 2630 1631 2694 malebat,

543 2716 642 2773 πάντας
660 2714 706 2785 ἐμέ
722 2714 848 2783 Hirsohig.
884 2714 968 2767 πάντα
987 2731 1018 2781 με
1036 2712 1128 2781 Pergk.
1163 2715 1245 2766 πάντα
1263 2714 1299 2783 μὴ
1318 2730 1365 2783 pro
1383 2715 1480 2787 μηδένα
1497 2716 1537 2768 vel
1554 2716 1633 2789 μηδὲν

537 2802 663 2871 exemplis
689 2816 776 2854 carere
801 2800 951 2869 putarerim.
979 2826 1013 2836 —
1042 2799 1253 2867 Interrogationis
1282 2801 1382 2868 signum
1412 2806 1471 2869 post
1498 2802 1632 2857 δεδοικέναι

536 2888 650 2959 ponebat
665 2888 783 2956 Lenting.

505 2993 620 3049 ν.1092.
656 2992 866 3065 κατεστρεψάμην
884 3009 920 3061 γε,
938 3007 1013 3060 quam
1031 2991 1182 3059 portlonlam
1200 3006 1249 3044 orn.
1268 2991 1298 3043 R.
1317 2990 1349 3043 V.
1362 2985 1397 3053 Γ.,
1415 2990 1491 3057 vulgo
1508 2992 1576 3059 apud
1589 3008 1633 3045 eos

539 3081 584 3150 qui
603 3095 681 3149 supra
698 3096 722 3132 ν.
743 3078 807 3132 1061
827 3079 948 3132 exhibent
965 3079 1079 3152 μάχαισι.

471 3321 549 3376 quam
565 3321 598 3359 ex
613 3302 745 3373 Herodoto
764 3286 820 3369 VH,
833 3303 884 3356 226
906 3271 1032 3367 novimus,
1083 3301 1214 3356 Comienm
1241 3301 1361 3369 Aeschyli
1386 3300 1477 3354 Persas
1507 3301 1632 3354 imitatum

471 3409 541 3446 nune
559 3390 699 3461 gloriantes
719 3388 782 3442 iacit
801 3405 882 3443 senes.
1082 3404 1139 3441 esse
1157 3405 1181 3442 ν.
1199 3387 1259 3453 424,
1285 3389 1385 3441 monuit
1402 3387 1486 3456 Bergl.
1504 3416 1537 3425 —
1555 3385 1634 3440 θυλά-

523 3512 549 3549 v.
570 3492 645 3547 1086.
683 3490 776 3563 γλαῦΕι
800 3492 879 3547 schol.
900 3492 932 3546 τὸ
955 3491 1034 3563 γλαῦξ
1081 3490 1158 3533 tout:
1181 3474 1260 3529 schol.
1277 3475 1310 3527 τὰ
1328 3475 1383 3547 περὶ
1399 3482 1452 3533 τοῖς
1474 3472 1570 3528 σκέλεσι
1591 3475 1634 3527 καὶ

471 3582 564 3651 ὄνομα,
577 3579 653 3652 φησὶν
664 3578 812 3651 Εύφρύνιος,
823 3579 846 3631 el
859 3576 974 3633 Ἀττικοὶ
987 3580 1032 3649 μὲν
1083 3566 1137 3618 10ῖῖ
1166 3568 1256 3633 l²⁷ll⁰Ic
1286 3558 1395 3634 Περσικά
1425 3561 1492 3634 (alil
1522 3560 1633 3637 βθακύων

469 3671 640 3741 περισπῶσιν,
671 3664 694 3717 el
719 3665 746 3717 δὲ
767 3660 870 3737 Δωριεῖς
897 3664 1033 3727 ύξύνουσιν.
1083 3647 1152 3719 παρὰ
1171 3644 1293 3719 mimi)
1311 3676 1344 3686 “
1362 3648 1418 3701 ἀντὶ
1433 3653 1479 3700 ³⁰5
1498 3648 1635 3721 ἀπηθῶν·

470 3753 576 3825 γλαῦκα
595 3750 622 3804 δὲ
641 3750 688 3823 τὴν
704 3748 820 3824 Ἀθηνᾶν
838 3751 919 3806 καλοῖ.
1081 3750 1123 3790 sti
1151 3733 1185 3807 53³
1213 3734 1259 3791 τὰς
1287 3732 1443 3807 ἀναξυρίδας·
1489 3736 1527 3788 ΒΘ
1556 3736 1634 3787 altera

1081 3820 1151 3871 vocis
1160 3819 1345 3886 significatione
1354 3820 1404 3875 vid.
1417 3837 1493 3890 snpra
1503 3821 1634 3875 adv.315.

526 3874 552 3910 τ.
572 3854 648 3909 1087.
683 3850 862 3916 θυννάζοντιςε
880 3855 959 3909 schol.
977 3873 1033 3908 κιν-

470 3946 579 3999 τούντες
591 3938 704 4005 (διττοὺς
712 3937 821 3999 θύννους
834 3947 886 3999 τοῖς
897 3939 1033 4013 τριύδουσι)
1133 3956 1158 3992 ν.
1178 3939 1253 3993 1088.
1295 3939 1465 4011 κεντούμενοι.
1501 3942 1583 4011 Supra
1611 3960 1634 3994 v.

477 4033 669 4101 μεταφορικῶς.
704 4027 750 4095 Εη.
770 4026 820 4080 313
838 4027 869 4080 de
887 4025 979 4079 Cleone
997 4026 1034 4078 di·
1084 4026 1136 4079 432
1154 4025 1262 4095 legimus
1283 4023 1439 4099 τώφθαλμὼ
1462 4035 1570 4080 κεντεῖτε
1592 4028 1635 4079 καὶ

471 4117 511 4169 xit
546 4111 729 4168 θυννοσκοπῶν
758 4109 822 4171 τοὺς
851 4112 957 4185 ρύρους,
990 4113 1034 4165 ubi
1081 4114 1141 4172 τοὺς
1159 4111 1306 4169 δακτύλους.
1336 4113 1482 4166 Notandum
1500 4129 1574 4166 senes
1592 4131 1635 4166 na-

474 4201 556 4262 eohol.
580 4198 630 4253 άπδ
655 4204 799 4273 μεταφορᾶς
816 4227 850 4235 -
867 4204 920 4250 τῶν
943 4197 1033 4251 ἁλιέων
1084 4203 1176 4263 turam,
1195 4214 1270 4267 quam
1289 4214 1356 4250 nurse
1367 4199 1510 4264 induerunt,
1529 4200 1561 4251 ad
1573 4204 1635 4251 tem·

473 4294 528 4341 rsov
555 4286 715 4360 ἀγρευύντινν
740 4285 799 4343 τοὺς
820 4281 935 4343 θύννους.
970 4284 1034 4337 Ibid.
1085 4300 1148 4353 pora
1166 4284 1209 4336 illa
1227 4284 1376 4348 transferre,
1395 4284 1487 4353 quibus
1504 4284 1562 4337 telis
1580 4301 1635 4337 oae-

474 4393 501 4428 ν.
516 4374 568 4427 354
586 4369 688 4426 θύννεια
706 4367 788 4445 θερμά
800 4369 956 4444 καταφαγὼν
975 4369 1035 4424 Cleo
1084 4370 1186 4434 debant,
1204 4385 1254 4421 non
1267 4370 1529 4437 aenleispungebant.
1556 4371 1635 4423 Senes

476 4461 545 4514 edax
573 4460 605 4512 de
632 4475 668 4513 se.
712 4458 797 4511 Variis
826 4457 913 4510 formis
946 4457 1034 4509 comici
1083 4457 1163 4520 enim,
1196 4471 1246 4508 non
1268 4457 1371 4508 invenes
1393 4470 1528 4522 vesparum
1556 4456 1635 4507 instar

476 4550 600 4611 utuntur,
643 4541 751 4610 θύννος,
790 4540 900 4605 θύνναξ,
940 4538 1034 4605 θυννίς,
1084 4546 1150 4595 sunt.
1194 4542 1283 4609 ltaque
1309 4555 1359 4592 non
1388 4544 1456 4592 reete
1486 4542 1633 4594 scholiasta:

477 4634 508 4687 de
532 4634 626 4703 quibus
650 4630 700 4684 vid.
724 4630 779 4684 Ind.
809 4631 841 4684 11.
872 4629 900 4682 0.
922 4628 944 4680 V
966 4643 986 4681 S.
1009 4644 1032 4680 ν.
1083 4632 1159 4680 τοῦτο
1180 4626 1243 4697 πρὸς
1264 4627 1310 4697 της
1333 4626 1471 4700 ὁμοιότητα
1494 4633 1546 4680 τῶν
1571 4647 1634 4703 τρη-

1823 4685 1833 4748 1
