4484 5467
535 577 557 639 8
803 632 805 637 ,
929 574 1119 628 PROLEGOM.
1155 574 1267 628 cervi
1285 574 1298 627 1

538 755 592 816 aut
618 748 783 829 utrumque
810 745 975 831 separatim
1004 766 1127 829 operam
1156 767 1245 810 suam
1272 746 1369 830 poetis
1397 747 1525 811 scenicis
1555 769 1695 827 navasse,

539 857 670 924 alterum
698 858 814 934 verbis,
845 856 1032 942 temporibus
1061 856 1194 921 alterum
1221 857 1429 922 emendandis.
1477 859 1594 925 Verum
1622 862 1696 926 haec

539 964 698 1035 hactenus.
720 1007 761 1015 —
783 970 850 1034 lam
872 969 962 1055 quale
984 968 1044 1032 luit
1065 969 1237 1055 philosophi
1260 990 1335 1055 opus
1357 968 1597 1035 didasoahcum?
1619 994 1696 1057 quae

540 1104 623 1148 nuno
645 1087 810 1167 supersunt
835 1080 1028 1159 didascalica,
1051 1088 1164 1145 suntne
1186 1081 1321 1164 genuina
1337 1081 1510 1167 philosophi
1531 1084 1635 1163 verba,
1658 1106 1697 1150 an

540 1194 589 1258 vel
606 1193 713 1279 paucis
729 1192 777 1257 vel
794 1191 901 1256 multis
913 1213 1033 1276 quoque
1045 1194 1173 1257 mutatis
1187 1194 1319 1258 frustula
1336 1192 1506 1277 quaedam?
1528 1194 1587 1259 Cui
1605 1217 1697 1279 quae-

540 1306 634 1371 stioni
661 1304 790 1369 debebat
812 1304 874 1367 alia
894 1304 1086 1384 antecedere,
1115 1327 1194 1390 quac
1216 1312 1262 1369 est
1283 1305 1320 1368 de
1348 1305 1483 1369 fontibus
1504 1306 1605 1390 operis
1626 1308 1698 1371 Ari-

541 1418 680 1485 stotelici.
731 1418 799 1492 Qua
824 1416 861 1479 de
888 1438 921 1479 re
949 1415 1135 1482 Bocchhium
1163 1430 1225 1481 non
1253 1417 1361 1480 tulisse
1389 1417 1575 1481 sententiam
1604 1419 1699 1485 doleo.

541 1529 692 1618 Equidem
721 1526 809 1591 nulla
837 1527 899 1590 alia
930 1548 985 1612 ope
1009 1548 1107 1611 ‘quam
1137 1528 1275 1614 Corporis
1304 1528 1541 1613 Inscriptionum
1573 1531 1700 1596 adiutus

446 1710 449 1713 ,
543 1641 678 1725 duplicia
699 1640 793 1703 fuisse
805 1645 1006 1704 monumenta
1018 1640 1201 1705 didascalica
1216 1640 1343 1725 reperio,
1365 1640 1499 1725 tripodes
1520 1647 1552 1703 et
1568 1642 1700 1708 tabulas.

543 1753 583 1817 Et
597 1752 731 1837 tripodes
744 1751 869 1836 quidem
890 1751 1057 1834 choragica,
1080 1751 1201 1816 tabulas
1224 1773 1294 1816 vero
1305 1750 1488 1816 didascalica
1499 1761 1702 1820 monumento

544 1870 670 1950 apparet
691 1863 798 1943 fuisse3
821 1864 955 1948 tripodes
978 1885 1083 1929 rursus
1106 1871 1229 1929 tantum
1251 1864 1426 1948 victricium
1447 1863 1623 1931 fabularum
1634 1887 1701 1937 mo-

545 1983 707 2052 numenta,
735 1975 856 2040 tabulas
884 1976 1115 2044 commissarum
1144 1978 1283 2042 omnium
1310 1977 1414 2040 luisse.
1457 1977 1501 2040 De
1529 1977 1703 2062 tripodibus

545 2089 631 2169 testis
655 2094 701 2151 est
714 2087 897 2153 Plutarchus
912 2088 1037 2153 Aristi
1058 2111 1088 2173 p.
1106 2081 1184 2153 318:¹
1207 2090 1290 2175 νίκης
1313 2090 1496 2174 ἀναθήματα
1516 2093 1703 2177 χορηγικοὺς

546 2202 688 2286 τρίποδας
710 2202 740 2265 ἐν
756 2201 905 2266 Διονύσου
928 2202 1092 2280 κατέλιπεν,
1116 2202 1144 2264 οἳ
1166 2203 1215 2265 καὶ
1226 2200 1292 2265 καθ’
1316 2204 1399 2286 ἡμᾶς
1420 2202 1587 2267 ἐδείκνυντο
1605 2207 1703 2269 τοιαύ-

548 2337 599 2396 την
623 2314 789 2399 ἐπιγραφὴν
813 2315 1024 2387 διασώζοντες·
1051 2312 1200 2398 Ἀντιοχὶς
1222 2314 1320 2389 ἐνίκα,
1341 2310 1526 2398 Ἀριστείδης
1548 2316 1704 2401 ἐχορήγει,

546 2416 765 2509 Ἀρχέστρατος
787 2425 934 2489 ἐδίδασκε.
978 2425 1021 2488 At
1042 2424 1125 2488 idem
1152 2422 1349 2487 Themistocl.
1378 2423 1450 2509 Vp.
1475 2426 1550 2487 114:
1583 2428 1706 2515 ἐνίκησε

549 2535 583 2598 δὲ
605 2536 654 2599 καὶ
674 2540 816 2621 χορηγῶν
839 2540 1021 2622 τραγῳδοῖς,
1051 2540 1183 2622 μεγάλην
1211 2537 1271 2621 ἤδη
1295 2535 1360 2600 τότε
1390 2538 1525 2621 σπουδὴν
1549 2541 1599 2603 καὶ
1622 2546 1706 2626 φιλο-

550 2647 649 2732 τιμίαν
672 2651 726 2711 τοΰ
744 2649 862 2731 ἀγῶνος
886 2647 1024 2734 ἔχοντος·
1047 2650 1097 2713 καὶ
1118 2649 1228 2712 πίνακα
1250 2654 1305 2732 τῆς
1321 2649 1404 2733 νίκης
1420 2648 1549 2734 ἀνέθηκε
1565 2654 1706 2738 τοιαύτην

552 2760 718 2845 ἐπιγραφὴν
744 2758 869 2845 ἔχοντα·
893 2759 1099 2845 Θεμιστοκλῆς
1113 2761 1281 2846 Φρεάρριος
1303 2760 1456 2845 ἐχορήγει,
1479 2760 1633 2848 Φρύνιχος
1651 2766 1708 2829 ἐδί-

552 2875 677 2950 δασκεν,
698 2871 894 2956 Ἀδείμαντος
916 2872 1018 2959 ήρχεν.
1062 2872 1181 2937 Rursus
1207 2871 1342 2956 tripodes
1368 2856 1520 2955 chorag‘m
1541 2873 1709 2940 Plutarcho

551 2991 826 3048 commemorantur
852 2984 957 3048 Niciae
983 2985 1027 3048 III
1055 3007 1084 3069 p.
1113 2985 1191 3061 524,
1221 2984 1285 3047 loco
1314 2990 1466 3072 corrupto,
1501 3007 1592 3070 quem
1607 3059 1609 3066 ¹
1624 2988 1709 3052 varie

550 3102 747 3160 tentaverunt
763 3097 900 3174 editores.
945 3097 1045 3160 Verba
1068 3099 1084 3160 ὁ
1107 3101 1172 3166 τοῖς
1193 3101 1370 3182 χορηγικοῖς
1390 3097 1524 3183 τρίποσιν
1548 3100 1709 3184 ἀποκείμε-

551 3233 603 3279 νος
615 3210 646 3273 ἐν
661 3210 810 3275 Διονύσου
823 3212 908 3289 νεὼς,
919 3189 1037 3275 mutato
1053 3211 1252 3294 ἀποκείμενος
1263 3209 1297 3272 in
1312 3210 1516 3295 ἀνακείμενος,
1528 3248 1570 3257 -
1582 3209 1710 3294 vulgata

551 3321 636 3385 enim
656 3321 745 3385 lectio
769 3321 965 3408 ὑποκείμενος
981 3327 1034 3399 est,
1058 3321 1167 3385 Corios
1180 3306 1315 3384 malebat
1331 3325 1585 3408 σοναποκείμενος
1598 3361 1640 3369 -
1651 3298 1705 3387 xsa-

552 3433 666 3496 cellum
689 3432 828 3525 intelligo
851 3432 885 3495 in
899 3432 1028 3515 Dionysi
1049 3434 1164 3519 τεμένει
1186 3432 1236 3497 vel
1257 3433 1291 3495 in
1304 3433 1428 3514 Lenaeo¹
1443 3433 1616 3519 tripodibus
1635 3437 1710 3502 eho-

551 3544 661 3627 ragicis
691 3550 900 3609 consecratum
929 3566 948 3609 a
974 3544 1076 3625 Nicia3
1110 3546 1230 3631 ἐνίκησε
1256 3547 1312 3632 γὰρ
1347 3540 1491 3617 πολλάκις
1519 3550 1710 3633 χορηγήσας,

553 3658 678 3744 ἐλείφθη
702 3656 725 3721 δ’
752 3657 905 3749 οὐδέποτε.
950 3656 1049 3720 Leake
1072 3658 1200 3741 Topogr.
1223 3656 1335 3721 Athen.
1358 3681 1388 3743 p.
1412 3659 1473 3723 207
1497 3657 1604 3743 (285),
1627 3682 1712 3726 eom·

553 3773 658 3854 parato
680 3768 795 3832 illustri
817 3769 981 3852 Lysicratis
1003 3775 1220 3847 monumento,
1248 3790 1310 3833 non
1334 3769 1456 3835 dubitat
1477 3770 1553 3853 quin
1574 3771 1712 3838 retinen-

554 3881 629 3945 dum
650 3881 692 3945 sit
714 3882 925 3966 ὑποκείμενος,
955 3886 991 3944 ut
1017 3881 1058 3944 sit
1085 3881 1225 3945 aedicula
1252 3881 1420 3966 tripodibus
1449 3880 1615 3965 choragicis
1637 3884 1712 3948 sub-

554 3999 670 4057 structa
692 3993 740 4057 vel
763 3992 907 4057 subiecta.
950 3993 1018 4058 Non
1040 4014 1185 4078 repugno,
1208 4016 1395 4079 quamquam
1410 3993 1513 4057 Nicias
1534 3995 1630 4059 victor
1655 3998 1712 4061 tri-

554 4105 646 4192 podes
668 4104 752 4169 intra
763 4105 910 4170 sacellum
932 4104 980 4170 vel
994 4105 1134 4169 clausum
1156 4106 1213 4184 vel,
1237 4107 1318 4190 quod
1330 4106 1427 4188 magis
1439 4105 1548 4190 placet,
1571 4112 1713 4191 apertum

555 4239 654 4303 neque
681 4217 716 4281 in
744 4217 874 4302 metopis
897 4218 1109 4282 columnarum
1138 4218 1283 4283 collocare
1311 4238 1406 4303 aeque
1428 4218 1505 4282 bene
1527 4223 1558 4282 et
1578 4221 1714 4303 potuerit

556 4337 587 4395 ct
608 4330 748 4417 voluerit.
790 4328 874 4393 Haec
895 4330 990 4413 igitur
1011 4337 1211 4395 monumenta
1232 4330 1390 4412 choragica
1417 4328 1589 4415 tripodibus
1616 4332 1714 4416 potis·

558 4443 671 4508 simum
699 4440 890 4518 constitisse,v
915 4442 1002 4506 testis
1030 4448 1076 4506 ost
1105 4443 1199 4506 etiam
1227 4442 1279 4506 via
1307 4443 1361 4506 illa
1388 4442 1543 4526 tripodum
1573 4441 1714 4520 illustris,

559 4575 651 4639 quam
673 4555 771 4631 uisere
792 4552 961 4619 Pausanias
991 4554 1092 4638 potuit
1120 4555 1158 4639 (I,
1183 4556 1232 4634 20,
1258 4556 1305 4640 1);
1339 4556 1391 4620 cfr.
1420 4553 1519 4617 Lealre
1541 4554 1617 4639 Top.
1640 4556 1714 4620 Ath.
