4484 5467
671 647 716 702 DE
734 645 966 702 Puusounnvu
984 645 1248 701 DISTRIBVTIONE
1265 645 1301 702 IN
1319 648 1437 703 Vneris
1455 650 1564 706 enisu.
1654 653 1696 718 45

538 818 665 885 Etenim
687 839 766 906 quae
787 819 949 905 tmpondet
969 818 1136 885 Xanthias:

552 932 559 945 “
585 935 664 1000 ἀλλὰ
686 937 749 1021 δρῶ
772 932 863 1009 τοῦτ’,
886 932 1035 997 ἀλλὰκαὶ
1058 932 1095 997 σὺ
1118 936 1194 1020 τῦφε
1216 938 1326 1020 πολλῷ
1346 940 1392 1020 τῷ
1413 940 1528 1021 καπνῷ,

539 1066 578 1110 ea
600 1065 662 1111 uon
684 1050 785 1132 potest
806 1043 986 1129 respondere
1008 1064 1115 1109 servus
1137 1045 1199 1110 nisi
1220 1066 1316 1112 seruo.
1360 1046 1437 1112 Item
1452 1044 1557 1109 Sosiae
1571 1065 1602 1110 v.
1617 1047 1696 1111 4602

571 1156 631 1246 ἄρ’
656 1156 824 1245 ἐμέλλομέν
846 1156 916 1221 ποθ’
941 1158 1021 1243 ὑμᾶς
1043 1158 1249 1246 ἀποσοβήσειν
1270 1165 1316 1245 τῷ
1336 1156 1448 1245 χρόνῳ,

538 1268 596 1335 ubi
619 1290 674 1353 ego
695 1267 943 1351 interrogationis
965 1267 1088 1351 siguum
1115 1289 1228 1354 ponere
1249 1269 1355 1334 malim
1378 1270 1553 1354 (eramusne
1572 1267 1697 1333 taudem

537 1402 595 1447 vos
610 1379 811 1465 detrunnrii),
833 1379 917 1465 quod
931 1380 1099 1464 siguificat:
1121 1380 1248 1445 tandem
1269 1380 1435 1465 aliqnando
1456 1380 1698 1466 eopervenieba-

537 1514 627 1575 mus,
658 1498 695 1557 ut
715 1514 770 1559 vos
792 1492 993 1576 abigeremus.
1037 1492 1180 1557 Ceterum
1201 1493 1294 1574 Rau,
1327 1500 1363 1557 ut
1384 1492 1540 1557 Betrkerus
1566 1493 1697 1574 monuit,

537 1606 625 1671 huno
645 1625 770 1671 versum
792 1604 898 1688 alteri,
920 1605 942 1669 i.
964 1624 991 1668 e.
1014 1604 1048 1668 ni
1070 1604 1159 1669 failor
1179 1603 1284 1669 Sosiae
1306 1604 1366 1669 dat.
1408 1604 1550 1689 Denique
1571 1626 1601 1669 v.
1623 1590 1697 1668 tor.

537 1719 603 1783 462
634 1716 789 1783 Xanthine
817 1716 927 1799 dandi,
955 1716 1009 1801 qui
1037 1716 1071 1781 in
1099 1716 1175 1781 uiris
1202 1716 1399 1802 uirorumque
1425 1716 1602 1782 nominibus
1628 1736 1698 1801 per·

539 1829 731 1913 stringentis
757 1829 874 1895 multus
902 1834 964 1908 est,
997 1850 1027 1895 v.
1049 1829 1123 1893 459.
1151 1849 1181 1893 u.
1210 1829 1400 1895 500—502.
1443 1830 1508 1895 lam
1535 1836 1698 1914 postquem

539 1942 705 2027 Bdelyoleo
728 1928 885 2007 deseendit
905 1961 936 2006 v.
958 1942 1033 2023 47],
1055 1960 1162 2005 servus
1183 1935 1312 2026 n'terque
1326 1948 1433 2007 manet
1447 1941 1486 2006 ed
1501 1961 1624 2007 uersum
1645 1963 1697 2007 us·

539 2067 600 2141 qne
622 2055 702 2121 530:

580 2153 734 2254 {aquom
759 2189 810 2254 μοι
833 2168 925 2253 δεῦρο
947 2166 1002 2250 τὴν
1024 2166 1128 2251 κίστην
1149 2189 1192 2236 τις
1214 2167 1256 2235 ὥς
1276 2166 1411 2251 τάχιστα,

540 2279 594 2345 sed
618 2272 858 2359 stertentum,
887 2275 1055 2361 Xauthiqs,
1084 2277 1178 2342 verba
1204 2276 1278 2341 facit
1298 2296 1329 2341 v.
1352 2276 1543 2341 500—502.
1592 2276 1697 2363 Neque

538 2398 645 2458 tamen
667 2389 781 2455 ideirco
803 2388 935 2453 alterum
956 2387 1082 2454 domum
1103 2388 1246 2472 introisse
1267 2387 1448 2470 contendas,
1476 2408 1573 2472 quum
1594 2391 1697 2476 potius

538 2525 614 2593 paee
636 2502 774 2569 noudum
796 2500 963 2566 ooustitata
983 2500 1065 2565 servi
1086 2499 1282 2586 Bdelyoleoni
1309 2507 1429 2587 praesto
1449 2521 1515 2565 esse
1542 2502 1695 2584 deberent

538 2636 642 2703 neque
656 2614 789 2680 *omnino
810 2632 934 2678 soenem
955 2612 1194 2678 Atheniensium
1215 2618 1282 2678 tam
1301 2612 1446 2677 miseram
1474 2613 1567 2678 fuisse
1598 2620 1696 2700 putes,

540 2736 579 2796 ut
602 2747 803 2815 personarum
830 2725 916 2812 eopia
943 2722 1100 2790 abundare
1127 2731 1292 2791 vereretur.
1336 2724 1436 2813 Κωφὰ
1457 2724 1512 2789 ilia
1539 2718 1698 2813 πρόσωπῳ

539 2861 621 2928 qnae
652 2846 758 2906 erooat
788 2838 948 2919 dominus,
982 2857 1083 2901 nonne
1116 2836 1317 2923 prodierunt?
1359 2836 1467 2900 Nonne
1495 2835 1600 2901 eadem
1627 2858 1698 2902 oum

541 2951 682 3019 Xanthia
715 2949 862 3035 Sosiaque
894 2948 1043 3014 restitisse
1075 2948 1254 3033 dominique
1289 2937 1383 3013 rerba
1421 2954 1596 3032 exspectare
1633 2951 1699 3014 veri

538 3071 587 3130 est
620 3061 839 3129 simillimum?
871 3060 962 3127 modo
994 3081 1033 3125 ne
1064 3060 1150 3146 loqui
1176 3060 1323 3127 laborent
1367 3058 1464 3123 Cuius
1491 3047 1573 3123 modi
1609 3064 1699 3149 nupt

540 3178 829 3265 παραχορηγήματα
861 3191 1030 3257 sauequam
1062 3172 1162 3237 muita
1192 3172 1232 3237 iu·
1259 3171 1368 3256 quavis
1400 3171 1521 3236 fabulae
1557 3174 1699 3238 commis·

539 3289 627 3355 sione
651 3286 877 3352 adhibitaesse
896 3306 953 3372 per
973 3295 1016 3350 se'
1031 3290 1125 3371 patet.
1169 3286 1270 3362 Quare
1290 3303 1331 3348 ne
1351 3284 1448 3349 simus
1470 3284 1504 3348 in
1534 3284 1700 3349 admitten·
1822 3296 1824 3301 ’

539 3401 589 3466 dis
611 3399 765 3465 actoribus
785 3398 915 3484 quartis,
938 3397 992 3483 qni
1013 3397 1307 3483 paraohoregematis
1329 3397 1453 3462 nomine
1474 3397 1522 3461 uti
1534 3396 1698 3479 dicuntur,

539 3512 637 3579 nimis
651 3511 772 3599 perois
847 3547 849 3552 ·
1447 3527 1449 3534 ·
1522 3519 1523 3522 ’
1634 3506 1638 3515 ’

627 3623 681 3688 IX.
712 3621 837 3705 Seuer,
861 3643 880 3687 a
900 3622 965 3688 filio
986 3628 1022 3687 nt
1036 3621 1119 3687 domi
1135 3626 1273 3686 maneret
1289 3619 1431 3705 domique
1445 3618 1556 3687 iudicis
1571 3641 1699 3688 munere

540 3739 738 3821 iungeretur,
766 3735 892 3801 tandem
913 3740 1086 3821 permotus,
1109 3734 1186 3798 duas
1207 3733 1402 3819 potissimum
1423 3752 1471 3798 res
1492 3735 1624 3799 eundem
1645 3756 1700 3822 po·

539 3850 601 3916 seit
622 3848 718 3914 iudioi
740 3847 876 3913 maxime
890 3846 1085 3928 necessarias,
1100 3846 1186 3910 tabes
1200 3865 1277 3928 quas
1291 3845 1373 3910 inter
1387 3846 1586 3913 iudicandum
1600 3867 1700 3912 come-

540 3961 612 4043 det,
643 3967 674 4024 et
688 3960 876 4025 mercedem·
889 3959 1020 4025 trioboli.
1065 3959 1147 4036 Quas
1173 3957 1297 4041 quidem
1317 3979 1365 4022 res
1386 3960 1525 4044 protinus
1549 3960 1699 4025 allaturus

540 4074 626 4139 fliius
648 4072 773 4137 domum
802 4072 919 4136 introit.
953 4061 1025 4136 TSed
1052 4070 1240 4151 rediemus,
1263 4058 1463 4153 nousolum‚
1486 4075 1565 4155 quae
1585 4072 1700 4157 promi-

541 4192 639 4267 serat,
668 4183 724 4248 sed
749 4183 848 4249 rnnlta
870 4183 932 4249 elia
952 4186 1106 4270 proterens
1138 4204 1168 4247 r.
1190 4182 1269 4261 806,
1291 4182 1407 4248 seilicet
1428 4184 1592 4265 matulam,
1614 4183 1699 4247 faba·

541 4316 674 4381 rumque
695 4295 761 4361 looo
781 4296 896 4360 lentem
918 4296 1017 4360 toenio
1038 4295 1223 4381 impositam,
1246 4294 1372 4378 gallum
1395 4297 1467 4380 Lyci
1491 4294 1699 4360 simulacrum.

541 4410 674 4475 Servum
697 4407 832 4491 aliquem
854 4409 929 4473 haee
951 4407 1068 4472 domini
1090 4408 1178 4472 iussu
1193 4414 1372 4493 apportasse
1393 4414 1425 4472 et
1445 4428 1500 4494 per
1520 4429 1553 4471 se
1574 4413 1701 4491 apparet

542 4530 574 4588 et
590 4520 765 4586 detenditur
786 4543 805 4585 a
826 4520 923 4603 libris,
946 4520 1000 4605 qui
1022 4539 1052 4585 n.
1074 4521 1138 4586 823
1154 4519 1258 4585 Sosiae
1280 4520 1365 4584 dant.
1408 4520 1582 4583 Reddemus
1604 4518 1700 4602 igitur

542 4636 616 4701 huie
639 4632 720 4719 quod
739 4633 888 4717 Bergkius
910 4633 997 4697 nulle
1018 4653 1051 4697 re
1072 4630 1135 4698 nisi
1157 4632 1384 4698 distributionis
1404 4632 1499 4696 nimis
1520 4632 1613 4696 anxia
1633 4632 1699 4715 lege
