4484 5467
537 586 602 665 55·
921 577 1110 635 PROLRGON.
1145 576 1259 634 curve
1275 576 1312 636 111

537 759 662 844 χιτῶνι,
691 751 780 817 liberi
808 753 925 835 ἱμάτιον
954 748 1142 827 induebant,
1176 748 1299 831 cingulo
1325 748 1465 816 adhibito
1492 750 1593 816 nullo.
1619 751 1688 818 ssot

537 868 632 953 igitur
653 865 869 931 charantanum
889 862 1020 948 pallium
1042 862 1194 947 ἄγναπτνν
1218 859 1344 945 quidem
1364 862 1475 942 factm
1503 863 1689 940 fuitne-,lau-

538 982 591 1047 κὸν
616 978 735 1065 ἄσημον
757 975 888 1061 (Polluc.
910 974 968 1053 IV,
999 972 1096 1058 1182?
1139 972 1294 1042 Philocleo
1312 979 1394 1040 certe
1414 973 1514 1061 pallio
1536 996 1594 1043 suo
1609 976 1690 1043 indu.

538 1098 590 1157 tus
619 1096 682 1169 est,
712 1088 802 1175 quale
832 1086 976 1153 convenit
1004 1085 1065 1151 civi
1085 1085 1284 1165 Atheniensi,
1311 1107 1411 1172 nequa
1433 1092 1539 1170 gestat
1560 1089 1692 1156 aurbun

538 1204 710 1289 vesparum
731 1198 916 1264 iudicialem.
961 1196 1022 1264 Sed
1032 1198 1160 1265 chorum
1173 1204 1297 1283 praeter
1310 1198 1406 1265 istum
1420 1200 1571 1268 aculeum
1585 1206 1693 1268 vestem
1735 1203 1736 1286 1

539 1336 659 1401 quoque
687 1310 863 1390 bicolorem‚
892 1331 970 1396 quae
997 1332 1161 1396 vesparum
1192 1310 1332 1408 redderet
1366 1312 1516 1398 speciem,
1547 1302 1694 1391 mbumoe,
1735 1291 1736 1298 ¹

451 1498 454 1503 ,
539 1428 599 1493 viri
627 1425 710 1491 docti
737 1427 937 1501 censuerunt,
971 1426 1008 1488 ut
1034 1422 1070 1488 Ο.
1099 1423 1265 1490 Muellerus
1292 1425 1373 1491 Hist
1407 1424 1471 1491 litt.
1491 1426 1540 1505 II·‚
1571 1426 1635 1492 206
1653 1448 1694 1512 sq.

539 1539 616 1623 (vid.
631 1535 750 1603 Genelli
764 1538 831 1602 Ac.
847 1535 907 1599 Tu
929 1556 959 1620 p.
983 1534 1069 1619 260).
1112 1535 1227 1621 Neque,
1249 1536 1331 1621 quod
1345 1537 1574 1617 contradicam,
1595 1538 1694 1616 habu,
1726 1537 1728 1542 ’

540 1669 728 1736 quamquam
748 1646 929 1713 scholiastae
957 1646 994 1711 de
1022 1646 1128 1712 aculeo
1155 1647 1349 1732 potissimum
1376 1648 1471 1714 verba
1495 1649 1695 1729 facianae

440 1808 446 1827 1.
540 1782 644 1828 croceo
666 1767 771 1826 autam
793 1759 949 1843 nigrisque
969 1757 1062 1825 lineis
1083 1758 1204 1843 ugnatc
1225 1760 1344 1827 amictu
1363 1760 1496 1840 uadunt
1513 1762 1609 1829 nihil.
1642 1762 1696 1829 Sed

540 1858 679 1941 neillud
702 1872 835 1959 quidam,
858 1870 939 1955 quod
960 1889 1057 1955 aeque
1079 1872 1433 1960 remesariumepparet
1460 1895 1544 1953 esse,
1567 1896 1695 1959 comme

540 1993 700 2054 morarunt
721 2004 861 2068 usquam
884 1982 1043 2067 cingulum
1065 1983 1144 2067 dico,
1164 2005 1327 2052 servorum
1344 1985 1480 2069 insigna·
1513 1986 1584 2064 Quo
1598 2008 1696 2059 carcre

540 2100 627 2168 nullo
653 2105 741 2186 pacto
768 2100 922 2181 poterant,
951 2095 1005 2159 ubi
1033 2116 1104 2162 cum
1135 2096 1234 2164 colore
1261 2118 1424 2185 vespamm
1447 2097 1546 2164 etiam
1568 2101 1697 2187 corporis

540 2326 671 2412 pallium
692 2321 862 2387 necessario
884 2341 1007 2387 sursum
1029 2320 1222 2404 cingebatur,
1249 2322 1416 2403 femoribus
1441 2323 1586 2406 nudatis3
1613 2326 1697 2391 hati-

541 2445 655 2521 tusque
684 2455 792 2500 senum
814 2433 951 2500 iudicum
974 2433 1019 2499 ita
1037 2433 1145 2500 servili
1165 2435 1259 2500 fiebat
1278 2435 1465 2503 simillimum.
1508 2437 1645 2518 Verum,
1674 2438 1699 2504 si

541 2550 669 2614 chorum
691 2548 820 2611 sormam
843 2565 1007 2631 vesparum
1030 2546 1144 2610 arctius
1165 2546 1333 2614 reddidisse
1354 2548 1524 2631 credamus,
1549 2551 1600 2615 vel
1622 2551 1699 2616 cuca

543 2661 621 2727 colla
649 2680 720 2723 eum
748 2656 872 2740 cingula
898 2657 1041 2723 habuisse
1063 2665 1302 2725 consentancum
1322 2661 1396 2743 erit,
1417 2667 1454 2725 ut
1469 2660 1566 2727 alvus
1593 2684 1698 2749 vespa·

542 2795 612 2839 rum
633 2770 799 2837 admodum
821 2769 916 2853 longa·
932 2772 1107 2854 fingeretur,
1131 2772 1191 2837 vel·
1207 2772 1328 2856 cingulo
1356 2773 1429 2851 hoc,
1456 2774 1540 2858 quod
1568 2774 1699 2861 corporis

540 2886 722 2951 incisionem
750 2882 938 2965 singularem
958 2884 1154 2967 significaret,
1176 2884 1291 2968 relicto,
1314 2884 1444 2971 pallium
1470 2885 1553 2951 circa
1581 2886 1700 2953 lumbos

532 3001 586 3073 ¹ita
607 2997 743 3068 cinctum
766 3018 832 3063 esse
852 2996 1021 3080 videbitur,
1043 3002 1081 3061 ut
1100 2996 1164 3061 alvi
1191 2996 1415 3080 longitudo‚...et
1434 2997 1584 3074 circuitus
1606 3022 1700 3084 aeque

542 3111 797 3197 conspicerentur.
838 3108 971 3174 Pallium
994 3113 1107 3188 autem,
1130 3108 1280 3194 quidquid
1290 3110 1612 3195 statuimus-cingulo
1634 3114 1700 3178 bre·

541 3226 611 3291 vius
643 3225 759 3289 factum
785 3244 850 3288 esse
878 3242 975 3304 quum
1002 3243 1056 3307 per
1082 3244 1116 3287 sa
1143 3227 1284 3308 apparot,
1311 3227 1381 3287 tum
1407 3228 1531 3310 propter
1558 3225 1701 3291 aculeum

541 3358 664 3403 necesse
686 3340 742 3417 est,
764 3336 801 3399 de
824 3355 884 3418 quo
905 3341 989 3405 nunc
1011 3355 1170 3420 exponam.
1213 3335 1305 3420 Vesp.
1334 3336 1404 3402 225·
1424 3336 1587 3487 Bdelycmo
1615 3338 1700 3404 Xan-

541 3450 641 3515 thiam
661 3447 942 3529 commonefaciam,
964 3447 1046 3531 quod
1067 3448 1109 3513 sit
1131 3447 1303 3533 periculum
1324 3447 1484 3513 subiturus

770 3558 932 3646 ἔχουσι
900 3585 956 3646 γαρ
979 3562 1029 3626 καὶ
1049 3561 1171 3647 κέντρον
1194 3562 1228 3625 ἐκ
1250 3567 1305 3646 τῆς
1326 3562 1456 3649 ὀσφύος

768 3668 971 3751 ὀξύτατον,
944 3677 1160 3759 parrocias.

541 3772 607 3860 Quo
633 3802 725 3847 sensu
753 3782 1002 3870 1111111111σφύς,
1037 3785 1178 3849 Comicus
1211 3784 1281 3849 aliis
1316 3784 1390 3849 locis
1419 3784 1494 3849 satis
1522 3785 1706 3868 declaravit·

541 3895 676 3961 maxilua
698 3895 789 3980 Vesp.
812 3896 889 3961 739:

849 4008 1081 4095 πόρνην,ητνς
1104 4011 1148 4073 cd
1161 4010 1234 4079 πέος
1256 4011 1352 4095 τρίψει
1405 4036 1407 4039 ·

789 4155 792 4160 ·
850 4124 900 4186 καὶ
920 4123 973 4206 τὴν
997 4121 1101 4208 ὀσφύν.

522 4193 694 4297 illiserunt
680 4231 862 4315 tigitur
854 4238 901 4297 mt
902 4254 937 4297 er-
972 4255 1005 4298 sc
1037 4235 1070 4298 τὸ
1105 4234 1178 4303 πέος
1210 4236 1288 4296 et‘
1274 4257 1294 4317 η
1326 4233 1436 4318 ὀσφύς,
1464 4220 1547 4315 quod
1576 4254 1703 4298 monere

540 4350 630 4430 propt
631 4366 664 4409 er
617 4346 756 4412 tillcs
779 4366 901 4410 necessa
922 4351 977 4423 est,
1005 4346 1060 4430 qui
1077 4345 1229 4412 vestitum
1257 4344 1317 4410 sibi
1344 4346 1502 4408 finxerunt
1527 4344 1702 4429 Vesparum

541 4456 580 4520 ab
601 4457 688 4523 Arist
674 4458 806 4544 tophane
829 4456 974 4531 alienum
1017 4457 1109 4522 Varie
1132 4458 1305 4521 autemt
1257 4464 1305 4521 1111
1306 4462 1406 4542 erpret
1407 4478 1439 4521 es
1392 4456 1513 4520 tlte
1490 4456 1550 4520 t1ni
1566 4456 1702 4522 reddunt

501 4605 505 4613 .
542 4569 683 4638 verbum:
711 4590 809 4655 quum
836 4570 974 4662 plerique
1006 4573 1128 4660 demant
1155 4570 1278 4670 lumbos
1304 4570 1355 4635 uel·
1382 4568 1503 4637 lumbos
1537 4574 1700 4651 arcemus,
