<?xml version="1.0" encoding="UTF-8"?>
<!DOCTYPE html PUBLIC "-//W3C//DTD XHTML 1.0 Transitional//EN"
    "http://www.w3.org/TR/xhtml1/DTD/xhtml1-transitional.dtd">
<html xmlns="http://www.w3.org/1999/xhtml" xml:lang="en" lang="en">
 <head>
  <title>
</title>
<meta http-equiv="Content-Type" content="text/html;charset=utf-8" />
  <meta name='ocr-system' content='tesseract 3.04.00' />
  <meta name='ocr-capabilities' content='ocr_page ocr_carea ocr_par ocr_line ocrx_word'/>
</head>
<body>
  <div class='ocr_page' id='page_1' title='image "./vespaecumproleg00richgoog_0130.png"; bbox 0 0 4484 5467; ppageno 0'>
   <div class='ocr_carea' id='block_1_1' title="bbox 939 657 1330 716">
    <p class='ocr_par' dir='ltr' id='par_1_1' title="bbox 939 657 1330 716">
     <span class='ocr_line' id='line_1_1' title="bbox 939 657 1330 716; baseline 0.005 -6"><span class='ocrx_word' id='word_1_1' title='bbox 939 657 1129 716; x_wconf 72' lang='lat' dir='ltr'>PROIAEGOM.</span> <span class='ocrx_word' id='word_1_2' title='bbox 1164 659 1277 714; x_wconf 74' lang='lat' dir='ltr'><strong>CAPV‘l&#39;</strong></span> <span class='ocrx_word' id='word_1_3' title='bbox 1294 658 1330 712; x_wconf 92' lang='lat' dir='ltr'><strong>lV</strong></span> 
     </span>
    </p>
   </div>
   <div class='ocr_carea' id='block_1_2' title="bbox 883 829 1324 1138">
    <p class='ocr_par' dir='ltr' id='par_1_2' title="bbox 883 829 1324 1138">
     <span class='ocr_line' id='line_1_2' title="bbox 886 829 1324 917; baseline -0.009 -22"><span class='ocrx_word' id='word_1_4' title='bbox 886 831 940 915; x_wconf 76' lang='grc' dir='ltr'><strong>ἄγε</strong></span> <span class='ocrx_word' id='word_1_5' title='bbox 962 856 1023 907; x_wconf 87' lang='grc' dir='ltr'>νυν,</span> <span class='ocrx_word' id='word_1_6' title='bbox 1048 832 1073 893; x_wconf 84' lang='grc' dir='ltr'><strong>ὦ</strong></span> <span class='ocrx_word' id='word_1_7' title='bbox 1096 834 1198 917; x_wconf 84' lang='grc' dir='ltr'>πάτερ,</span> <span class='ocrx_word' id='word_1_8' title='bbox 1220 830 1257 913; x_wconf 78' lang='grc' dir='ltr'><strong>ἦν</strong></span> <span class='ocrx_word' id='word_1_9' title='bbox 1283 829 1324 913; x_wconf 85' lang='grc' dir='ltr'><strong>μὴ</strong></span> 
     </span>
     <span class='ocr_line' id='line_1_3' title="bbox 883 942 1259 1028; baseline 0 -22"><span class='ocrx_word' id='word_1_10' title='bbox 883 944 917 1006; x_wconf 90' lang='grc' dir='ltr'><strong>τδ</strong></span> <span class='ocrx_word' id='word_1_11' title='bbox 941 945 1130 1028; x_wconf 77' lang='grc' dir='ltr'>δικαστήριον</span> <span class='ocrx_word' id='word_1_12' title='bbox 1155 942 1259 1028; x_wconf 76' lang='grc' dir='ltr'>ἅρχων</span> 
     </span>
     <span class='ocr_line' id='line_1_4' title="bbox 884 1053 1298 1138; baseline -0.007 -19"><span class='ocrx_word' id='word_1_13' title='bbox 884 1055 996 1138; x_wconf 87' lang='grc' dir='ltr'>καθίση</span> <span class='ocrx_word' id='word_1_14' title='bbox 1020 1059 1083 1132; x_wconf 80' lang='grc' dir='ltr'>νῦν,</span> <span class='ocrx_word' id='word_1_15' title='bbox 1106 1053 1198 1117; x_wconf 81' lang='grc' dir='ltr'>πόθεν</span> <span class='ocrx_word' id='word_1_16' title='bbox 1222 1054 1298 1135; x_wconf 81' lang='grc' dir='ltr'>ὠνη-</span> 
     </span>
    </p>
   </div>
   <div class='ocr_carea' id='block_1_3' title="bbox 552 1164 1154 1343">
    <p class='ocr_par' dir='ltr' id='par_1_3' title="bbox 552 1164 1154 1343">
     <span class='ocr_line' id='line_1_5' title="bbox 885 1164 1154 1252; baseline -0.007 -22"><span class='ocrx_word' id='word_1_17' title='bbox 885 1164 994 1252; x_wconf 81' lang='grc' dir='ltr'>σόμεθ’</span> <span class='ocrx_word' id='word_1_18' title='bbox 1019 1166 1154 1250; x_wconf 58' lang='lat' dir='ltr'><strong>&amp;protom</strong></span> 
     </span>
     <span class='ocr_line' id='line_1_6' title="bbox 552 1280 817 1343; baseline -0.004 0"><span class='ocrx_word' id='word_1_19' title='bbox 552 1288 583 1343; x_wconf 90' lang='lat' dir='ltr'><strong>et</strong></span> <span class='ocrx_word' id='word_1_20' title='bbox 603 1280 716 1343; x_wconf 84' lang='lat' dir='ltr'><strong>Eccles.</strong></span> <span class='ocrx_word' id='word_1_21' title='bbox 740 1281 817 1343; x_wconf 73' lang='lat'><strong>687:</strong></span> 
     </span>
    </p>
   </div>
   <div class='ocr_carea' id='block_1_4' title="bbox 539 1384 1726 4721">
    <p class='ocr_par' dir='ltr' id='par_1_4' title="bbox 1234 1384 1558 1471">
     <span class='ocr_line' id='line_1_7' title="bbox 1234 1384 1558 1471; baseline -0.003 -22"><span class='ocrx_word' id='word_1_22' title='bbox 1234 1384 1295 1471; x_wconf 78' lang='grc' dir='ltr'><strong>ὅτῳ</strong></span> <span class='ocrx_word' id='word_1_23' title='bbox 1318 1387 1351 1449; x_wconf 86' lang='grc' dir='ltr'><strong>δὲ</strong></span> <span class='ocrx_word' id='word_1_24' title='bbox 1373 1386 1406 1449; x_wconf 87' lang='grc' dir='ltr'><strong>τδ</strong></span> <span class='ocrx_word' id='word_1_25' title='bbox 1429 1388 1558 1471; x_wconf 75' lang='grc' dir='ltr'>γράμμα</span> 
     </span>
    </p>

    <p class='ocr_par' dir='ltr' id='par_1_5' title="bbox 553 1497 1651 1697">
     <span class='ocr_line' id='line_1_8' title="bbox 598 1497 1651 1588; baseline -0.005 -23"><span class='ocrx_word' id='word_1_26' title='bbox 598 1505 640 1588; x_wconf 73' lang='grc' dir='ltr'><strong>μὴ</strong></span> <span class='ocrx_word' id='word_1_27' title='bbox 663 1502 830 1585; x_wconf 75' lang='grc' dir='ltr'>’ξελκυσθηῙ</span> <span class='ocrx_word' id='word_1_28' title='bbox 853 1500 924 1566; x_wconf 88' lang='grc' dir='ltr'>καθ’</span> <span class='ocrx_word' id='word_1_29' title='bbox 950 1499 966 1562; x_wconf 91' lang='grc' dir='ltr'>δ</span> <span class='ocrx_word' id='word_1_30' title='bbox 990 1500 1152 1584; x_wconf 78' lang='grc' dir='ltr'><strong>δειπνήσει,</strong></span> <span class='ocrx_word' id='word_1_31' title='bbox 1174 1498 1300 1568; x_wconf 81' lang='grc' dir='ltr'>τούτους</span> <span class='ocrx_word' id='word_1_32' title='bbox 1322 1499 1482 1580; x_wconf 78' lang='grc' dir='ltr'>ἀπελῶμεν</span> <span class='ocrx_word' id='word_1_33' title='bbox 1508 1497 1651 1570; x_wconf 74' lang='grc' dir='ltr'>ἅπαντας,</span> 
     </span>
     <span class='ocr_line' id='line_1_9' title="bbox 553 1613 815 1697; baseline -0.008 -20"><span class='ocrx_word' id='word_1_34' title='bbox 553 1613 735 1697; x_wconf 84' lang='lat' dir='ltr'><strong>Thesmoph.</strong></span> <span class='ocrx_word' id='word_1_35' title='bbox 759 1613 815 1677; x_wconf 77' lang='lat'><strong>78:</strong></span> 
     </span>
    </p>

    <p class='ocr_par' dir='ltr' id='par_1_6' title="bbox 779 1720 1714 2033">
     <span class='ocr_line' id='line_1_10' title="bbox 913 1720 1452 1806; baseline -0.004 -20"><span class='ocrx_word' id='word_1_36' title='bbox 913 1724 976 1787; x_wconf 80' lang='grc' dir='ltr'>ἐπεὶ</span> <span class='ocrx_word' id='word_1_37' title='bbox 997 1725 1049 1785; x_wconf 77' lang='grc' dir='ltr'><strong>νῦν</strong></span> <span class='ocrx_word' id='word_1_38' title='bbox 1072 1721 1102 1806; x_wconf 80' lang='grc' dir='ltr'><strong>γ’</strong></span> <span class='ocrx_word' id='word_1_39' title='bbox 1130 1720 1199 1785; x_wconf 86' lang='grc' dir='ltr'>οὔτε</span> <span class='ocrx_word' id='word_1_40' title='bbox 1220 1722 1255 1786; x_wconf 84' lang='grc' dir='ltr'><strong>τὰ</strong></span> <span class='ocrx_word' id='word_1_41' title='bbox 1278 1722 1452 1805; x_wconf 82' lang='grc' dir='ltr'>δικαστήρια</span> 
     </span>
     <span class='ocr_line' id='line_1_11' title="bbox 783 1830 1469 1921; baseline -0.009 -21"><span class='ocrx_word' id='word_1_42' title='bbox 783 1836 884 1921; x_wconf 78' lang='grc' dir='ltr'>μέλλει</span> <span class='ocrx_word' id='word_1_43' title='bbox 908 1836 1035 1907; x_wconf 76' lang='grc' dir='ltr'>δικάζειν</span> <span class='ocrx_word' id='word_1_44' title='bbox 1060 1830 1129 1897; x_wconf 82' lang='grc' dir='ltr'>οὔτε</span> <span class='ocrx_word' id='word_1_45' title='bbox 1153 1837 1267 1921; x_wconf 75' lang='grc' dir='ltr'>βουλῆς</span> <span class='ocrx_word' id='word_1_46' title='bbox 1291 1831 1362 1897; x_wconf 81' lang='grc' dir='ltr'>ἔσθ’</span> <span class='ocrx_word' id='word_1_47' title='bbox 1386 1832 1469 1916; x_wconf 78' lang='grc' dir='ltr'>ἕδρα,</span> 
     </span>
     <span class='ocr_line' id='line_1_12' title="bbox 779 1942 1714 2033; baseline -0.007 -22"><span class='ocrx_word' id='word_1_48' title='bbox 779 1948 843 2011; x_wconf 82' lang='grc' dir='ltr'>ἐπεὶ</span> <span class='ocrx_word' id='word_1_49' title='bbox 862 1948 943 2033; x_wconf 82' lang='grc' dir='ltr'>τρίτη</span> <span class='ocrx_word' id='word_1_50' title='bbox 966 1945 1021 2010; x_wconf 82' lang='grc' dir='ltr'>’στὶ</span> <span class='ocrx_word' id='word_1_51' title='bbox 1044 1944 1266 2031; x_wconf 78' lang='grc' dir='ltr'>Θεσμοφορίων</span> <span class='ocrx_word' id='word_1_52' title='bbox 1290 1946 1309 2027; x_wconf 77' lang='grc' dir='ltr'>ἡ</span> <span class='ocrx_word' id='word_1_53' title='bbox 1336 1942 1423 2029; x_wconf 79' lang='grc' dir='ltr'>μέση.</span> <span class='ocrx_word' id='word_1_54' title='bbox 1711 2016 1714 2021; x_wconf 41' lang='grc'>,</span> 
     </span>
    </p>

    <p class='ocr_par' dir='ltr' id='par_1_7' title="bbox 548 2052 1724 2698">
     <span class='ocr_line' id='line_1_13' title="bbox 550 2052 1708 2142; baseline -0.003 -22"><span class='ocrx_word' id='word_1_55' title='bbox 550 2058 596 2120; x_wconf 84' lang='lat' dir='ltr'><strong>Ex</strong></span> <span class='ocrx_word' id='word_1_56' title='bbox 624 2058 736 2142; x_wconf 86' lang='lat' dir='ltr'><strong>quibus</strong></span> <span class='ocrx_word' id='word_1_57' title='bbox 765 2057 825 2123; x_wconf 91' lang='lat' dir='ltr'><strong>duo</strong></span> <span class='ocrx_word' id='word_1_58' title='bbox 854 2059 955 2142; x_wconf 89' lang='lat' dir='ltr'><strong>priora</strong></span> <span class='ocrx_word' id='word_1_59' title='bbox 982 2058 1047 2121; x_wconf 91' lang='lat' dir='ltr'><strong>loca</strong></span> <span class='ocrx_word' id='word_1_60' title='bbox 1075 2057 1301 2136; x_wconf 87' lang='lat' dir='ltr'><strong>demonstrant,</strong></span> <span class='ocrx_word' id='word_1_61' title='bbox 1335 2054 1400 2118; x_wconf 85' lang='lat' dir='ltr'><strong>dies</strong></span> <span class='ocrx_word' id='word_1_62' title='bbox 1433 2052 1624 2116; x_wconf 88' lang='lat' dir='ltr'><strong>iudiciorum</strong></span> <span class='ocrx_word' id='word_1_63' title='bbox 1652 2074 1708 2118; x_wconf 94' lang='lat' dir='ltr'><strong>non</strong></span> 
     </span>
     <span class='ocr_line' id='line_1_14' title="bbox 550 2167 1712 2255; baseline -0.004 -22"><span class='ocrx_word' id='word_1_64' title='bbox 550 2176 646 2234; x_wconf 84' lang='lat' dir='ltr'><strong>certos</strong></span> <span class='ocrx_word' id='word_1_65' title='bbox 676 2170 785 2251; x_wconf 86' lang='lat' dir='ltr'><strong>fuisse,</strong></span> <span class='ocrx_word' id='word_1_66' title='bbox 819 2190 917 2255; x_wconf 90' lang='lat' dir='ltr'><strong>neque</strong></span> <span class='ocrx_word' id='word_1_67' title='bbox 946 2191 1013 2248; x_wconf 75' lang='lat' dir='ltr'><strong>eoa,</strong></span> <span class='ocrx_word' id='word_1_68' title='bbox 1047 2170 1100 2254; x_wconf 90' lang='lat' dir='ltr'><strong>qui</strong></span> <span class='ocrx_word' id='word_1_69' title='bbox 1129 2167 1300 2232; x_wconf 85' lang='lat' dir='ltr'><strong>iudicatum</strong></span> <span class='ocrx_word' id='word_1_70' title='bbox 1321 2171 1485 2247; x_wconf 82' lang='lat' dir='ltr'><strong>venerant,</strong></span> <span class='ocrx_word' id='word_1_71' title='bbox 1515 2185 1626 2229; x_wconf 85' lang='lat' dir='ltr'><strong>omnes</strong></span> <span class='ocrx_word' id='word_1_72' title='bbox 1649 2186 1712 2229; x_wconf 86' lang='lat' dir='ltr'><strong>om·</strong></span> 
     </span>
     <span class='ocr_line' id='line_1_15' title="bbox 549 2278 1724 2362; baseline -0.003 -18"><span class='ocrx_word' id='word_1_73' title='bbox 549 2281 641 2345; x_wconf 88' lang='lat' dir='ltr'><strong>nibus</strong></span> <span class='ocrx_word' id='word_1_74' title='bbox 663 2281 770 2346; x_wconf 86' lang='lat' dir='ltr'><strong>diebus</strong></span> <span class='ocrx_word' id='word_1_75' title='bbox 792 2280 907 2345; x_wconf 88' lang='lat' dir='ltr'><strong>iudices</strong></span> <span class='ocrx_word' id='word_1_76' title='bbox 929 2284 1022 2346; x_wconf 86' lang='lat' dir='ltr'><strong>factos</strong></span> <span class='ocrx_word' id='word_1_77' title='bbox 1045 2302 1126 2357; x_wconf 85' lang='lat' dir='ltr'><strong>osso,</strong></span> <span class='ocrx_word' id='word_1_78' title='bbox 1149 2280 1221 2343; x_wconf 92' lang='lat' dir='ltr'><strong>licet</strong></span> <span class='ocrx_word' id='word_1_79' title='bbox 1249 2280 1330 2343; x_wconf 79' lang='lat' dir='ltr'><strong>ciros</strong></span> <span class='ocrx_word' id='word_1_80' title='bbox 1356 2297 1427 2341; x_wconf 83' lang='lat' dir='ltr'><strong>suos</strong></span> <span class='ocrx_word' id='word_1_81' title='bbox 1453 2297 1549 2362; x_wconf 84' lang='lat' dir='ltr'><strong>quam</strong></span> <span class='ocrx_word' id='word_1_82' title='bbox 1575 2278 1724 2356; x_wconf 32' lang='lat' dir='ltr'><strong>maxime·</strong></span> 
     </span>
     <span class='ocr_line' id='line_1_16' title="bbox 549 2390 1712 2478; baseline -0.002 -23"><span class='ocrx_word' id='word_1_83' title='bbox 549 2394 744 2478; x_wconf 77' lang='grc' dir='ltr'>φιληλιαστὰς</span> <span class='ocrx_word' id='word_1_84' title='bbox 771 2393 865 2456; x_wconf 82' lang='lat' dir='ltr'><strong>fuisse</strong></span> <span class='ocrx_word' id='word_1_85' title='bbox 894 2393 1035 2456; x_wconf 86' lang='lat' dir='ltr'><strong>Comicus</strong></span> <span class='ocrx_word' id='word_1_86' title='bbox 1062 2391 1241 2477; x_wconf 82' lang='lat' dir='ltr'><strong>praesertim</strong></span> <span class='ocrx_word' id='word_1_87' title='bbox 1270 2393 1328 2454; x_wconf 81' lang='lat' dir='ltr'><strong>Ar.</strong></span> <span class='ocrx_word' id='word_1_88' title='bbox 1352 2390 1499 2453; x_wconf 80' lang='lat'><strong>39-41.</strong></span> <span class='ocrx_word' id='word_1_89' title='bbox 1530 2390 1589 2466; x_wconf 79' lang='lat'><strong>44,</strong></span> <span class='ocrx_word' id='word_1_90' title='bbox 1626 2397 1712 2453; x_wconf 76' lang='lat' dir='ltr'><strong>nota·</strong></span> 
     </span>
     <span class='ocr_line' id='line_1_17' title="bbox 549 2500 1708 2587; baseline 0 -22"><span class='ocrx_word' id='word_1_91' title='bbox 549 2503 636 2566; x_wconf 83' lang='lat' dir='ltr'><strong>verit.</strong></span> <span class='ocrx_word' id='word_1_92' title='bbox 680 2503 834 2566; x_wconf 83' lang='lat' dir='ltr'><strong>Numerus</strong></span> <span class='ocrx_word' id='word_1_93' title='bbox 861 2511 963 2569; x_wconf 86' lang='lat' dir='ltr'><strong>autem</strong></span> <span class='ocrx_word' id='word_1_94' title='bbox 992 2504 1126 2582; x_wconf 87' lang='lat' dir='ltr'><strong>dierum,</strong></span> <span class='ocrx_word' id='word_1_95' title='bbox 1156 2524 1247 2587; x_wconf 87' lang='lat' dir='ltr'><strong>quern</strong></span> <span class='ocrx_word' id='word_1_96' title='bbox 1275 2524 1312 2565; x_wconf 88' lang='lat' dir='ltr'><strong>ex</strong></span> <span class='ocrx_word' id='word_1_97' title='bbox 1340 2500 1495 2585; x_wconf 84' lang='lat' dir='ltr'><strong>Aristoph.</strong></span> <span class='ocrx_word' id='word_1_98' title='bbox 1530 2501 1626 2585; x_wconf 83' lang='lat' dir='ltr'><strong>l&#39;esp.</strong></span> <span class='ocrx_word' id='word_1_99' title='bbox 1659 2522 1708 2565; x_wconf 83' lang='lat' dir='ltr'><strong>au-</strong></span> 
     </span>
     <span class='ocr_line' id='line_1_18' title="bbox 548 2614 1153 2698; baseline 0.002 -22"><span class='ocrx_word' id='word_1_100' title='bbox 548 2614 659 2698; x_wconf 89' lang='lat' dir='ltr'><strong>spicari</strong></span> <span class='ocrx_word' id='word_1_101' title='bbox 682 2614 762 2695; x_wconf 80' lang='lat' dir='ltr'><strong>licet,</strong></span> <span class='ocrx_word' id='word_1_102' title='bbox 785 2620 999 2694; x_wconf 86' lang='lat' dir='ltr'><strong>trecentorum,</strong></span> <span class='ocrx_word' id='word_1_103' title='bbox 1022 2638 1051 2680; x_wconf 86' lang='grc' dir='ltr'><strong>ν.</strong></span> <span class='ocrx_word' id='word_1_104' title='bbox 1075 2617 1153 2679; x_wconf 79' lang='lat'>661:</span> 
     </span>
    </p>

    <p class='ocr_par' dir='ltr' id='par_1_8' title="bbox 578 2724 1631 2813">
     <span class='ocr_line' id='line_1_19' title="bbox 635 2724 1631 2813; baseline 0 -24"><span class='ocrx_word' id='word_1_105' title='bbox 635 2726 695 2789; x_wconf 84' lang='grc' dir='ltr'><strong>ἀπὸ</strong></span> <span class='ocrx_word' id='word_1_106' title='bbox 718 2727 826 2791; x_wconf 81' lang='grc' dir='ltr'>τούτου</span> <span class='ocrx_word' id='word_1_107' title='bbox 851 2752 902 2793; x_wconf 93' lang='grc' dir='ltr'><strong>νυν</strong></span> <span class='ocrx_word' id='word_1_108' title='bbox 926 2730 1055 2799; x_wconf 78' lang='grc' dir='ltr'>κατάθες</span> <span class='ocrx_word' id='word_1_109' title='bbox 1080 2727 1187 2813; x_wconf 80' lang='grc' dir='ltr'>μισθὸν</span> <span class='ocrx_word' id='word_1_110' title='bbox 1211 2731 1289 2791; x_wconf 86' lang='grc' dir='ltr'>τοῖσι</span> <span class='ocrx_word' id='word_1_111' title='bbox 1313 2728 1464 2793; x_wconf 81' lang='grc' dir='ltr'>δικασταῖς</span> <span class='ocrx_word' id='word_1_112' title='bbox 1487 2724 1631 2789; x_wconf 84' lang='grc' dir='ltr'><strong>ἐνιαυτοῦ</strong></span> 
     </span>
    </p>

    <p class='ocr_par' dir='ltr' id='par_1_9' title="bbox 574 2836 1549 2924">
     <span class='ocr_line' id='line_1_20' title="bbox 574 2836 1549 2924; baseline -0.001 -23"><span class='ocrx_word' id='word_1_113' title='bbox 574 2860 585 2910; x_wconf 88' lang='lat'><strong>&#39;.</strong></span> <span class='ocrx_word' id='word_1_114' title='bbox 608 2906 611 2912; x_wconf 58' lang='grc'><strong>,</strong></span> <span class='ocrx_word' id='word_1_115' title='bbox 634 2838 668 2913; x_wconf 76' lang='grc' dir='ltr'><strong>ἓξ</strong></span> <span class='ocrx_word' id='word_1_116' title='bbox 689 2841 829 2923; x_wconf 80' lang='grc' dir='ltr'>χιλιάσιν,</span> <span class='ocrx_word' id='word_1_117' title='bbox 853 2838 960 2903; x_wconf 83' lang='grc' dir='ltr'><strong>κοῦπω</strong></span> <span class='ocrx_word' id='word_1_118' title='bbox 984 2840 1107 2909; x_wconf 84' lang='grc' dir='ltr'>πλείους</span> <span class='ocrx_word' id='word_1_119' title='bbox 1129 2841 1160 2904; x_wconf 83' lang='grc' dir='ltr'><strong>ἐν</strong></span> <span class='ocrx_word' id='word_1_120' title='bbox 1184 2848 1225 2922; x_wconf 67' lang='lat' dir='ltr'><strong>tq</strong></span> <span class='ocrx_word' id='word_1_121' title='bbox 1246 2840 1333 2924; x_wconf 72' lang='grc' dir='ltr'>χώρα</span> <span class='ocrx_word' id='word_1_122' title='bbox 1356 2836 1549 2912; x_wconf 70' lang='grc' dir='ltr'>κατένασθεν,</span> 
     </span>
    </p>

    <p class='ocr_par' dir='ltr' id='par_1_10' title="bbox 544 2950 1707 3817">
     <span class='ocr_line' id='line_1_21' title="bbox 632 2950 1550 3037; baseline -0.003 -24.122"><span class='ocrx_word' id='word_1_123' title='bbox 632 2950 760 3033; x_wconf 77' lang='grc' dir='ltr'>γίγνεται</span> <span class='ocrx_word' id='word_1_124' title='bbox 782 2953 858 3036; x_wconf 75' lang='grc' dir='ltr'>ἡμῖν</span> <span class='ocrx_word' id='word_1_125' title='bbox 881 2953 986 3017; x_wconf 85' lang='grc' dir='ltr'>ἑκατδν</span> <span class='ocrx_word' id='word_1_126' title='bbox 1010 2954 1110 3037; x_wconf 81' lang='grc' dir='ltr'>δήπου</span> <span class='ocrx_word' id='word_1_127' title='bbox 1133 2953 1188 3015; x_wconf 88' lang='grc' dir='ltr'><strong>καὶΙ</strong></span> <span class='ocrx_word' id='word_1_128' title='bbox 1204 2951 1388 3035; x_wconf 72' lang='grc' dir='ltr'>πεντήκοντα</span> <span class='ocrx_word' id='word_1_129' title='bbox 1409 2951 1550 3024; x_wconf 79' lang='grc' dir='ltr'>τάλαντα,</span> 
     </span>
     <span class='ocr_line' id='line_1_22' title="bbox 546 3057 1707 3141; baseline 0.002 -18"><span class='ocrx_word' id='word_1_130' title='bbox 546 3060 609 3133; x_wconf 87' lang='lat' dir='ltr'><strong>ianr</strong></span> <span class='ocrx_word' id='word_1_131' title='bbox 636 3060 787 3140; x_wconf 82' lang='lat' dir='ltr'><strong>Boeclrhio</strong></span> <span class='ocrx_word' id='word_1_132' title='bbox 815 3062 950 3127; x_wconf 81' lang='lat' dir='ltr'><strong>Staatah.</strong></span> <span class='ocrx_word' id='word_1_133' title='bbox 973 3064 996 3141; x_wconf 86' lang='grc' dir='ltr'><strong>Ι,</strong></span> <span class='ocrx_word' id='word_1_134' title='bbox 1025 3063 1088 3127; x_wconf 78' lang='lat'><strong>253</strong></span> <span class='ocrx_word' id='word_1_135' title='bbox 1116 3061 1232 3126; x_wconf 84' lang='lat' dir='ltr'><strong>nimius</strong></span> <span class='ocrx_word' id='word_1_136' title='bbox 1256 3082 1310 3124; x_wconf 91' lang='lat' dir='ltr'><strong>nec</strong></span> <span class='ocrx_word' id='word_1_137' title='bbox 1338 3081 1429 3123; x_wconf 86' lang='lat' dir='ltr'><strong>rerus</strong></span> <span class='ocrx_word' id='word_1_138' title='bbox 1457 3057 1553 3122; x_wconf 84' lang='lat' dir='ltr'><strong>fuisse</strong></span> <span class='ocrx_word' id='word_1_139' title='bbox 1575 3061 1707 3125; x_wconf 88' lang='lat' dir='ltr'><strong>videtur.</strong></span> 
     </span>
     <span class='ocr_line' id='line_1_23' title="bbox 545 3170 1707 3258; baseline 0.001 -22"><span class='ocrx_word' id='word_1_140' title='bbox 545 3173 591 3247; x_wconf 87' lang='lat' dir='ltr'><strong>Ac</strong></span> <span class='ocrx_word' id='word_1_141' title='bbox 614 3195 733 3238; x_wconf 89' lang='lat' dir='ltr'><strong>summo</strong></span> <span class='ocrx_word' id='word_1_142' title='bbox 756 3174 822 3246; x_wconf 83' lang='lat' dir='ltr'><strong>iure</strong></span> <span class='ocrx_word' id='word_1_143' title='bbox 845 3174 877 3237; x_wconf 86' lang='lat' dir='ltr'><strong>id</strong></span> <span class='ocrx_word' id='word_1_144' title='bbox 899 3174 1032 3257; x_wconf 90' lang='lat' dir='ltr'><strong>quidem.</strong></span> <span class='ocrx_word' id='word_1_145' title='bbox 1075 3175 1113 3238; x_wconf 92' lang='lat' dir='ltr'><strong>In</strong></span> <span class='ocrx_word' id='word_1_146' title='bbox 1135 3173 1244 3257; x_wconf 79' lang='lat' dir='ltr'><strong>Vespis</strong></span> <span class='ocrx_word' id='word_1_147' title='bbox 1260 3171 1343 3236; x_wconf 90' lang='lat' dir='ltr'><strong>onim</strong></span> <span class='ocrx_word' id='word_1_148' title='bbox 1358 3172 1379 3235; x_wconf 91' lang='lat' dir='ltr'><strong>l.</strong></span> <span class='ocrx_word' id='word_1_149' title='bbox 1394 3171 1416 3235; x_wconf 87' lang='lat' dir='ltr'><strong>l.</strong></span> <span class='ocrx_word' id='word_1_150' title='bbox 1432 3170 1595 3253; x_wconf 81' lang='lat' dir='ltr'><strong>Bdelycleo</strong></span> <span class='ocrx_word' id='word_1_151' title='bbox 1618 3173 1707 3258; x_wconf 89' lang='lat' dir='ltr'><strong>patri,</strong></span> 
     </span>
     <span class='ocr_line' id='line_1_24' title="bbox 546 3283 1706 3368; baseline 0 -20"><span class='ocrx_word' id='word_1_152' title='bbox 546 3285 599 3368; x_wconf 93' lang='lat' dir='ltr'><strong>qui</strong></span> <span class='ocrx_word' id='word_1_153' title='bbox 632 3307 664 3350; x_wconf 85' lang='lat' dir='ltr'><strong>se</strong></span> <span class='ocrx_word' id='word_1_154' title='bbox 697 3287 906 3367; x_wconf 81' lang='lat' dir='ltr'><strong>Athenarum,</strong></span> <span class='ocrx_word' id='word_1_155' title='bbox 940 3286 1079 3350; x_wconf 90' lang='lat' dir='ltr'><strong>omnium</strong></span> <span class='ocrx_word' id='word_1_156' title='bbox 1112 3306 1215 3349; x_wconf 88' lang='lat' dir='ltr'><strong>rerum</strong></span> <span class='ocrx_word' id='word_1_157' title='bbox 1250 3284 1409 3348; x_wconf 82' lang='lat' dir='ltr'><strong>dominum</strong></span> <span class='ocrx_word' id='word_1_158' title='bbox 1445 3303 1510 3347; x_wconf 87' lang='lat' dir='ltr'><strong>esse</strong></span> <span class='ocrx_word' id='word_1_159' title='bbox 1548 3283 1706 3365; x_wconf 84' lang='lat' dir='ltr'><strong>gloriatur,</strong></span> 
     </span>
     <span class='ocr_line' id='line_1_25' title="bbox 545 3395 1706 3481; baseline 0.001 -22"><span class='ocrx_word' id='word_1_160' title='bbox 545 3403 780 3476; x_wconf 76' lang='lat' dir='ltr'><strong>monstraturuS,</strong></span> <span class='ocrx_word' id='word_1_161' title='bbox 803 3397 947 3481; x_wconf 80' lang='lat' dir='ltr'><strong>quantilli</strong></span> <span class='ocrx_word' id='word_1_162' title='bbox 969 3418 1001 3461; x_wconf 86' lang='lat' dir='ltr'><strong>re</strong></span> <span class='ocrx_word' id='word_1_163' title='bbox 1022 3418 1096 3462; x_wconf 86' lang='lat' dir='ltr'><strong>vera</strong></span> <span class='ocrx_word' id='word_1_164' title='bbox 1116 3396 1258 3461; x_wconf 86' lang='lat' dir='ltr'><strong>dominus</strong></span> <span class='ocrx_word' id='word_1_165' title='bbox 1279 3395 1328 3476; x_wconf 81' lang='lat' dir='ltr'><strong>sit,</strong></span> <span class='ocrx_word' id='word_1_166' title='bbox 1352 3395 1521 3458; x_wconf 84' lang='lat' dir='ltr'><strong>maximum</strong></span> <span class='ocrx_word' id='word_1_167' title='bbox 1539 3401 1570 3459; x_wconf 89' lang='lat' dir='ltr'><strong>et</strong></span> <span class='ocrx_word' id='word_1_168' title='bbox 1586 3395 1706 3461; x_wconf 90' lang='lat' dir='ltr'><strong>dierum</strong></span> 
     </span>
     <span class='ocr_line' id='line_1_26' title="bbox 545 3506 1706 3593; baseline 0.003 -23"><span class='ocrx_word' id='word_1_169' title='bbox 545 3514 577 3571; x_wconf 89' lang='lat' dir='ltr'><strong>et</strong></span> <span class='ocrx_word' id='word_1_170' title='bbox 608 3507 799 3578; x_wconf 76' lang='lat' dir='ltr'><strong>iudiciorum,</strong></span> <span class='ocrx_word' id='word_1_171' title='bbox 824 3530 988 3574; x_wconf 91' lang='lat' dir='ltr'><strong>numerum</strong></span> <span class='ocrx_word' id='word_1_172' title='bbox 1021 3508 1225 3593; x_wconf 84' lang='lat' dir='ltr'><strong>computando</strong></span> <span class='ocrx_word' id='word_1_173' title='bbox 1258 3513 1381 3571; x_wconf 86' lang='lat' dir='ltr'><strong>contum</strong></span> <span class='ocrx_word' id='word_1_174' title='bbox 1415 3513 1446 3569; x_wconf 92' lang='lat' dir='ltr'><strong>et</strong></span> <span class='ocrx_word' id='word_1_175' title='bbox 1478 3506 1706 3591; x_wconf 81' lang='lat' dir='ltr'><strong>quinquaginta</strong></span> 
     </span>
     <span class='ocr_line' id='line_1_27' title="bbox 544 3618 1704 3711; baseline 0.003 -31"><span class='ocrx_word' id='word_1_176' title='bbox 544 3618 661 3711; x_wconf 89' lang='lat' dir='ltr'><strong>talenta</strong></span> <span class='ocrx_word' id='word_1_177' title='bbox 683 3620 785 3701; x_wconf 80' lang='lat' dir='ltr'><strong>elficit,</strong></span> <span class='ocrx_word' id='word_1_178' title='bbox 808 3641 846 3683; x_wconf 91' lang='lat' dir='ltr'><strong>no</strong></span> <span class='ocrx_word' id='word_1_179' title='bbox 877 3622 1000 3685; x_wconf 89' lang='lat' dir='ltr'><strong>tertiam</strong></span> <span class='ocrx_word' id='word_1_180' title='bbox 1022 3621 1172 3685; x_wconf 85' lang='lat' dir='ltr'><strong>decimam</strong></span> <span class='ocrx_word' id='word_1_181' title='bbox 1195 3619 1319 3703; x_wconf 86' lang='lat' dir='ltr'><strong>quidum</strong></span> <span class='ocrx_word' id='word_1_182' title='bbox 1345 3627 1464 3704; x_wconf 87' lang='lat' dir='ltr'><strong>partem</strong></span> <span class='ocrx_word' id='word_1_183' title='bbox 1490 3619 1704 3701; x_wconf 77' lang='lat' dir='ltr'><strong>uectigalium3</strong></span> 
     </span>
     <span class='ocr_line' id='line_1_28' title="bbox 545 3729 1128 3817; baseline 0.003 -24"><span class='ocrx_word' id='word_1_184' title='bbox 545 3729 603 3811; x_wconf 77' lang='lat' dir='ltr'><strong>vol,</strong></span> <span class='ocrx_word' id='word_1_185' title='bbox 627 3737 662 3794; x_wconf 91' lang='lat' dir='ltr'><strong>ut</strong></span> <span class='ocrx_word' id='word_1_186' title='bbox 683 3731 835 3796; x_wconf 90' lang='lat' dir='ltr'><strong>Philocleo</strong></span> <span class='ocrx_word' id='word_1_187' title='bbox 858 3733 902 3796; x_wconf 87' lang='lat' dir='ltr'><strong>ait</strong></span> <span class='ocrx_word' id='word_1_188' title='bbox 923 3734 1128 3817; x_wconf 84' lang='lat' dir='ltr'><strong>stupefactus:</strong></span> 
     </span>
    </p>

    <p class='ocr_par' dir='ltr' id='par_1_11' title="bbox 539 3841 1726 4721">
     <span class='ocr_line' id='line_1_29' title="bbox 588 3841 1662 3931; baseline 0.003 -26"><span class='ocrx_word' id='word_1_189' title='bbox 588 3841 655 3906; x_wconf 81' lang='grc' dir='ltr'>οὐδ’</span> <span class='ocrx_word' id='word_1_190' title='bbox 687 3846 706 3927; x_wconf 79' lang='grc' dir='ltr'>ἡ</span> <span class='ocrx_word' id='word_1_191' title='bbox 732 3846 838 3929; x_wconf 88' lang='grc' dir='ltr'>δεκάτη</span> <span class='ocrx_word' id='word_1_192' title='bbox 861 3850 920 3910; x_wconf 84' lang='grc' dir='ltr'><strong>τῶν</strong></span> <span class='ocrx_word' id='word_1_193' title='bbox 944 3845 1129 3931; x_wconf 81' lang='grc' dir='ltr'>προσιόντων</span> <span class='ocrx_word' id='word_1_194' title='bbox 1159 3847 1234 3930; x_wconf 72' lang='grc' dir='ltr'>ἡμῖν</span> <span class='ocrx_word' id='word_1_195' title='bbox 1259 3844 1307 3931; x_wconf 78' lang='grc' dir='ltr'><strong>ἄρ’</strong></span> <span class='ocrx_word' id='word_1_196' title='bbox 1338 3841 1468 3929; x_wconf 73' lang='grc' dir='ltr'>ἐγίγνεθ’</span> <span class='ocrx_word' id='word_1_197' title='bbox 1495 3844 1511 3906; x_wconf 85' lang='grc' dir='ltr'>ὁ</span> <span class='ocrx_word' id='word_1_198' title='bbox 1536 3845 1662 3929; x_wconf 83' lang='grc' dir='ltr'>μισθός;</span> 
     </span>
     <span class='ocr_line' id='line_1_30' title="bbox 543 3953 1702 4041; baseline 0.002 -24"><span class='ocrx_word' id='word_1_199' title='bbox 543 3953 597 4017; x_wconf 87' lang='lat' dir='ltr'><strong>ubi</strong></span> <span class='ocrx_word' id='word_1_200' title='bbox 630 3974 685 4038; x_wconf 91' lang='lat' dir='ltr'><strong>pro</strong></span> <span class='ocrx_word' id='word_1_201' title='bbox 716 3953 764 4041; x_wconf 81' lang='grc' dir='ltr'><strong>ἄρ’</strong></span> <span class='ocrx_word' id='word_1_202' title='bbox 795 3955 921 4037; x_wconf 85' lang='lat' dir='ltr'><strong>legerim</strong></span> <span class='ocrx_word' id='word_1_203' title='bbox 949 3956 1000 4020; x_wconf 78' lang='lat' dir='ltr'><strong>cio:</strong></span> <span class='ocrx_word' id='word_1_204' title='bbox 1034 3977 1073 4019; x_wconf 91' lang='lat' dir='ltr'><strong>ne</strong></span> <span class='ocrx_word' id='word_1_205' title='bbox 1102 3956 1221 4019; x_wconf 88' lang='lat' dir='ltr'><strong>decima</strong></span> <span class='ocrx_word' id='word_1_206' title='bbox 1249 3954 1372 4039; x_wconf 89' lang='lat' dir='ltr'><strong>quidem</strong></span> <span class='ocrx_word' id='word_1_207' title='bbox 1395 3954 1482 4018; x_wconf 88' lang='lat' dir='ltr'><strong>nobis</strong></span> <span class='ocrx_word' id='word_1_208' title='bbox 1504 3955 1702 4038; x_wconf 83' lang='lat' dir='ltr'><strong>vectigalium</strong></span> 
     </span>
     <span class='ocr_line' id='line_1_31' title="bbox 542 4065 1703 4151; baseline 0.003 -24"><span class='ocrx_word' id='word_1_209' title='bbox 542 4086 612 4150; x_wconf 86' lang='lat' dir='ltr'><strong>pars</strong></span> <span class='ocrx_word' id='word_1_210' title='bbox 634 4065 790 4130; x_wconf 82' lang='lat' dir='ltr'><strong>eveniret?</strong></span> <span class='ocrx_word' id='word_1_211' title='bbox 812 4066 943 4148; x_wconf 82' lang='lat' dir='ltr'><strong>scilicet,</strong></span> <span class='ocrx_word' id='word_1_212' title='bbox 972 4067 1000 4130; x_wconf 90' lang='lat' dir='ltr'><strong>si</strong></span> <span class='ocrx_word' id='word_1_213' title='bbox 1028 4067 1184 4145; x_wconf 72' lang='lat' dir='ltr'><strong>omnibm,</strong></span> <span class='ocrx_word' id='word_1_214' title='bbox 1214 4067 1326 4151; x_wconf 79' lang='lat' dir='ltr'><strong>quibus</strong></span> <span class='ocrx_word' id='word_1_215' title='bbox 1348 4067 1414 4130; x_wconf 86' lang='lat' dir='ltr'><strong>fieri</strong></span> <span class='ocrx_word' id='word_1_216' title='bbox 1443 4071 1561 4151; x_wconf 87' lang='lat' dir='ltr'><strong>posset,</strong></span> <span class='ocrx_word' id='word_1_217' title='bbox 1595 4067 1703 4132; x_wconf 84' lang='lat' dir='ltr'><strong>diebus</strong></span> 
     </span>
     <span class='ocr_line' id='line_1_32' title="bbox 543 4176 1723 4262; baseline 0.003 -23"><span class='ocrx_word' id='word_1_218' title='bbox 543 4176 657 4240; x_wconf 86' lang='lat' dir='ltr'><strong>iudicia</strong></span> <span class='ocrx_word' id='word_1_219' title='bbox 679 4199 698 4240; x_wconf 89' lang='lat' dir='ltr'><strong>a</strong></span> <span class='ocrx_word' id='word_1_220' title='bbox 719 4178 907 4262; x_wconf 81' lang='lat' dir='ltr'><strong>plenissimis</strong></span> <span class='ocrx_word' id='word_1_221' title='bbox 929 4178 1067 4243; x_wconf 90' lang='lat' dir='ltr'><strong>iudicum</strong></span> <span class='ocrx_word' id='word_1_222' title='bbox 1090 4179 1224 4261; x_wconf 84' lang='lat' dir='ltr'><strong>collegiis</strong></span> <span class='ocrx_word' id='word_1_223' title='bbox 1247 4177 1454 4243; x_wconf 85' lang='lat' dir='ltr'><strong>haberentur?</strong></span> <span class='ocrx_word' id='word_1_224' title='bbox 1496 4177 1541 4241; x_wconf 90' lang='lat' dir='ltr'><strong>De</strong></span> <span class='ocrx_word' id='word_1_225' title='bbox 1565 4177 1624 4243; x_wconf 91' lang='lat' dir='ltr'><strong>hao</strong></span> <span class='ocrx_word' id='word_1_226' title='bbox 1646 4179 1723 4261; x_wconf 54' lang='lat' dir='ltr'><strong>igi-,2</strong></span> 
     </span>
     <span class='ocr_line' id='line_1_33' title="bbox 541 4288 1701 4374; baseline 0.003 -22"><span class='ocrx_word' id='word_1_227' title='bbox 541 4296 593 4353; x_wconf 83' lang='lat' dir='ltr'><strong>tur</strong></span> <span class='ocrx_word' id='word_1_228' title='bbox 621 4290 741 4353; x_wconf 83' lang='lat' dir='ltr'><strong>dierum</strong></span> <span class='ocrx_word' id='word_1_229' title='bbox 770 4311 892 4354; x_wconf 85' lang='lat' dir='ltr'><strong>summa</strong></span> <span class='ocrx_word' id='word_1_230' title='bbox 921 4292 1088 4374; x_wconf 86' lang='lat' dir='ltr'><strong>permultos</strong></span> <span class='ocrx_word' id='word_1_231' title='bbox 1118 4288 1281 4355; x_wconf 83' lang='lat' dir='ltr'><strong>demendo&#39;s</strong></span> <span class='ocrx_word' id='word_1_232' title='bbox 1310 4311 1375 4354; x_wconf 89' lang='lat' dir='ltr'><strong>esse</strong></span> <span class='ocrx_word' id='word_1_233' title='bbox 1408 4309 1530 4369; x_wconf 83' lang='lat' dir='ltr'><strong>cense03</strong></span> <span class='ocrx_word' id='word_1_234' title='bbox 1564 4289 1701 4374; x_wconf 85' lang='lat' dir='ltr'><strong>primunr</strong></span> 
     </span>
     <span class='ocr_line' id='line_1_34' title="bbox 541 4400 1726 4488; baseline 0.004 -25"><span class='ocrx_word' id='word_1_235' title='bbox 541 4422 600 4479; x_wconf 87' lang='lat' dir='ltr'><strong>eos,</strong></span> <span class='ocrx_word' id='word_1_236' title='bbox 624 4403 678 4485; x_wconf 86' lang='lat' dir='ltr'><strong>qui</strong></span> <span class='ocrx_word' id='word_1_237' title='bbox 693 4402 891 4466; x_wconf 82' lang='lat' dir='ltr'><strong>concionibus</strong></span> <span class='ocrx_word' id='word_1_238' title='bbox 914 4402 1019 4488; x_wconf 89' lang='lat' dir='ltr'><strong>populi</strong></span> <span class='ocrx_word' id='word_1_239' title='bbox 1042 4403 1188 4466; x_wconf 86' lang='lat' dir='ltr'><strong>destinati</strong></span> <span class='ocrx_word' id='word_1_240' title='bbox 1210 4409 1299 4466; x_wconf 90' lang='lat' dir='ltr'><strong>erant</strong></span> <span class='ocrx_word' id='word_1_241' title='bbox 1320 4403 1487 4487; x_wconf 84' lang='grc' dir='ltr'>(ἀδυνάτου</span> <span class='ocrx_word' id='word_1_242' title='bbox 1505 4400 1591 4473; x_wconf 81' lang='grc' dir='ltr'>ὄντος</span> <span class='ocrx_word' id='word_1_243' title='bbox 1607 4403 1701 4488; x_wconf 83' lang='grc' dir='ltr'>αδθη-</span> <span class='ocrx_word' id='word_1_244' title='bbox 1722 4448 1726 4454; x_wconf 87' lang='lat'>-</span> 
     </span>
     <span class='ocr_line' id='line_1_35' title="bbox 543 4512 1700 4602; baseline 0.003 -27"><span class='ocrx_word' id='word_1_245' title='bbox 543 4514 632 4598; x_wconf 82' lang='grc' dir='ltr'>μερδν</span> <span class='ocrx_word' id='word_1_246' title='bbox 656 4516 815 4600; x_wconf 80' lang='grc' dir='ltr'>ἐκκλησίαν</span> <span class='ocrx_word' id='word_1_247' title='bbox 841 4515 905 4599; x_wconf 83' lang='grc' dir='ltr'><strong>ἅμα</strong></span> <span class='ocrx_word' id='word_1_248' title='bbox 928 4518 977 4579; x_wconf 80' lang='grc' dir='ltr'><strong>καὶ</strong></span> <span class='ocrx_word' id='word_1_249' title='bbox 1000 4514 1349 4600; x_wconf 72' lang='grc' dir='ltr'>δικαστήριονηενέσθαι</span> <span class='ocrx_word' id='word_1_250' title='bbox 1373 4513 1460 4577; x_wconf 89' lang='lat' dir='ltr'><strong>Dem.</strong></span> <span class='ocrx_word' id='word_1_251' title='bbox 1482 4515 1558 4579; x_wconf 83' lang='grc' dir='ltr'>κατὰ</span> <span class='ocrx_word' id='word_1_252' title='bbox 1574 4512 1700 4602; x_wconf 81' lang='grc' dir='ltr'>Τιμοκρ.</span> 
     </span>
     <span class='ocr_line' id='line_1_36' title="bbox 539 4624 1700 4721; baseline 0.006 -36"><span class='ocrx_word' id='word_1_253' title='bbox 539 4644 570 4706; x_wconf 89' lang='lat' dir='ltr'><strong>p.</strong></span> <span class='ocrx_word' id='word_1_254' title='bbox 588 4624 663 4707; x_wconf 77' lang='lat'>726)</span> <span class='ocrx_word' id='word_1_255' title='bbox 686 4648 813 4690; x_wconf 86' lang='lat' dir='ltr'><strong>numero</strong></span> <span class='ocrx_word' id='word_1_256' title='bbox 835 4626 1004 4721; x_wconf 83' lang='lat' dir='ltr'><strong>secundum</strong></span> <span class='ocrx_word' id='word_1_257' title='bbox 1027 4625 1215 4692; x_wconf 82' lang='lat' dir='ltr'><strong>Boecklrium</strong></span> <span class='ocrx_word' id='word_1_258' title='bbox 1232 4624 1366 4689; x_wconf 83' lang='lat' dir='ltr'><strong>Staatslr.</strong></span> <span class='ocrx_word' id='word_1_259' title='bbox 1389 4625 1413 4707; x_wconf 72' lang='grc' dir='ltr'><strong>Ι,</strong></span> <span class='ocrx_word' id='word_1_260' title='bbox 1439 4625 1500 4690; x_wconf 75' lang='lat'><strong>249</strong></span> <span class='ocrx_word' id='word_1_261' title='bbox 1523 4625 1586 4689; x_wconf 83' lang='lat' dir='ltr'><strong>fore</strong></span> <span class='ocrx_word' id='word_1_262' title='bbox 1606 4626 1700 4711; x_wconf 88' lang='lat' dir='ltr'><strong>quin·</strong></span> 
     </span>
    </p>
   </div>
   <div class='ocr_carea' id='block_1_5' title="bbox 0 0 2246 5467">
    <p class='ocr_par' dir='ltr' id='par_1_12' title="bbox 0 0 2246 5467">
     <span class='ocr_line' id='line_1_37' title="bbox 0 0 2246 5467; baseline 0 8"><span class='ocrx_word' id='word_1_263' title='bbox 0 0 2246 5467; x_wconf 95' lang='lat' dir='ltr'><strong> </strong></span> 
     </span>
    </p>
   </div>
  </div>
 </body>
</html>
