4484 5467
539 615 599 679 112
693 620 695 625 ·
778 603 782 611 '
925 608 1318 664 PROLnuou.cAPVr1v

537 805 616 871 quac
637 805 675 848 ex
703 783 769 868 ipso
791 781 996 866 Aristophane
1019 786 1110 865 atque
1139 778 1311 844 scholiastis
1333 779 1490 846 novimus:
1518 781 1553 845 τὸ
1577 778 1696 860 Καινέν,

536 898 570 963 τὸ
595 897 686 983 μέσον
715 894 793 959 etsi
815 893 915 979 placet
942 893 975 957 rh
998 893 1072 979 πρὸς
1093 897 1158 963 τοῖς
1178 892 1314 978 τειχίοιςε
1341 892 1453 958 desunt
1473 913 1565 979 porro
1594 893 1630 958 τὸ
1652 894 1696 958 ἐπὶ

538 1009 630 1094 Λύκῳ
653 1005 787 1071 Pollucis
801 1005 882 1087 VIII,
901 1006 972 1086 1⁴21,
994 1005 1028 1069 τὸ
1050 1003 1191 1091 Μητίχοο
1214 1002 1350 1068 eiusdem
1364 1004 1535 1091 scriptoris;
1558 996 1617 1091 qui
1638 1004 1696 1071 dis

538 1119 636 1185 cernit
670 1122 826 1203 praetcrea
859 1119 892 1182 τὸ
930 1116 1021 1201 μέσον
1052 1119 1258 1204 παράβοστον,
1295 1116 1329 1180 τὸ
1360 1119 1463 1202 μεῖζον
1492 1120 1695 1206 παράβοστον,

537 1231 650 1316 quibus
668 1229 781 1294 additis
803 1228 900 1294 multo
915 1227 1012 1292 maior
1026 1226 1158 1292 efficitur
1173 1247 1320 1291 numerus
1334 1228 1549 1294 tribunalium.
1589 1227 1697 1293 Pollux

538 1349 643 1407 autem
670 1341 816 1406 undecim
843 1339 983 1403 nominat
1010 1343 1130 1423 praeter
1157 1339 1365 1424 Areopagum:
1392 1341 1427 1405 τὸ
1455 1342 1504 1406 ἐπὶ
1532 1340 1696 1427 Παλλαδίῳ

539 1457 583 1539 (v.
606 1453 747 1518 Eustath.
772 1451 864 1529 1419,
888 1450 953 1534 52),
975 1451 1009 1514 τὸ
1032 1451 1081 1514 ἐπὶ
1100 1451 1260 1537 Δελφινίῳ,
1281 1453 1315 1516 τὸ
1339 1453 1387 1517 ἐπὶ
1403 1452 1591 1539 Πρυτανείῳ,
1612 1453 1646 1516 τὸ
1669 1454 1695 1517 έν

541 1569 706 1654 Φρεαττοῖ;
733 1571 802 1629 tum
829 1565 964 1650 γνώριμα
992 1564 1168 1649 δικαστήρια
1195 1562 1377 1647 ἡἯλιαία,
1406 1565 1439 1629 τὸ
1467 1564 1634 1651 τρίγωνον,
1663 1561 1696 1628 οὔ

542 1679 688 1763 μέμνηται
715 1677 896 1761 Δείναρχος,
927 1674 1018 1760 μέσον
1047 1678 1254 1763 παράβοστον,
1285 1680 1387 1761 μεῖζον
1410 1678 1625 1765 παμοὶβυστον,
1653 1677 1698 1740 καὶ

541 1792 680 1877 μείζονος
703 1790 735 1852 δὲ
760 1787 905 1874 μέμνηται
929 1786 1056 1864 Λυσίας,
1084 1787 1117 1850 τὸ
1141 1785 1281 1874 Μητίχοο
1304 1791 1443 1866 κάλλιον,
1470 1789 1504 1864 τὸ
1526 1789 1578 1853 ἐπὶ
1600 1789 1697 1874 Λύκῳ.

541 1900 637 1965 Addit
652 1900 689 1964 de
704 1898 868 1963 Meticheo:
889 1899 922 1962 τὸ
946 1898 979 1962 δὲ
1001 1897 1141 1984 Μητίχοο
1165 1900 1354 1986 δικαστήριον
1379 1900 1465 1986 μέγα,
1488 1901 1572 1966 οὕτω
1588 1902 1696 1987 κληθὲν

539 2014 587 2078 ἐπὶ
618 2011 827 2099 ἀρχιτέκτονος
855 2008 1010 2097 Μητίχοο,
1037 2009 1236 2074 undecimum
1264 2010 1396 2096 denique
1423 2012 1457 2076 τὸ
1485 2012 1517 2079 ἐν
1538 2010 1698 2100 Ἀρδήττῳ

538 2123 619 2202 VIII,
644 2124 714 2187 1⁶22.
738 2160 780 2169 -
807 2120 1036 2187 Schoemannus
1058 2122 1092 2186 in
1113 2122 1291 2207 Appendice
1313 2122 1350 2186 de
1372 2122 1544 2187 dicasteriis
1568 2123 1696 2209 (Opusc.

541 2235 625 2300 acad.
648 2235 676 2313 I,
706 2234 782 2317 223)
809 2253 871 2298 non
898 2233 1019 2298 dubitat
1053 2234 1130 2318 quin
1152 2255 1168 2297 e
1190 2233 1255 2299 cod.
1286 2256 1359 2299 mss.
1380 2234 1545 2319 legendum
1568 2235 1611 2300 sit
1633 2236 1700 2321 (noo

546 2346 677 2411 Bokheri
698 2351 819 2409 textum
840 2344 1064 2430 exhibuimus):
1093 2345 1214 2425 Μέσον,
1236 2345 1449 2435 Παμσίβοστον,
1471 2346 1599 2423 Μεῖζον.
1644 2348 1700 2415 Πα-

541 2459 691 2549 ραβιίστοο
715 2459 748 2523 δὲ
776 2460 826 2523 καὶ
847 2457 997 2531 Μείζονος
1020 2457 1166 2544 μέμνηται
1189 2459 1311 2529 Λυσίας.
1355 2459 1437 2523 Hinc
1465 2464 1531 2525 octo
1557 2459 1700 2525 tribuna·

541 2570 620 2634 lium
648 2569 774 2634 nomina
801 2568 834 2631 in
862 2567 962 2633 lucem
990 2568 1155 2654 prodeunt,
1184 2590 1263 2653 quac
1290 2589 1353 2634 non
1381 2576 1455 2635 sunt
1480 2571 1701 2637 anominibns

540 2682 671 2769 propriis
693 2686 809 2747 sumta:
831 2681 863 2744 τὸ
879 2678 1043 2767 Τμίγιονον,
1064 2682 1098 2744 τὸ
1113 2681 1321 2770 Παράβυστον,
1342 2683 1376 2747 τὸ
1390 2682 1505 2763 Μέσον,
1526 2684 1561 2747 τὸ
1578 2681 1701 2761 Μεῖζον,

543 2796 577 2860 τὸ
593 2794 795 2880 Βατραχιοῦν,
816 2792 850 2856 τὸ
867 2793 1051 2871 Φοινικιοῦν,
1072 2793 1106 2857 τὸ
1121 2791 1243 2873 Καινόν,
1266 2793 1397 2879 denique
1419 2793 1590 2881 ἡἫλιαία.
1629 2794 1701 2872 Qui·

542 2906 608 2984 bus,
631 2905 659 2969 si
679 2904 746 2968 fieri
767 2903 872 2989 possit,
895 2924 1012 2969 nonum
1035 2904 1188 2990 quoddam
1209 2905 1366 2990 hucusque
1388 2905 1463 2971 viris
1488 2905 1590 2971 doctis
1612 2906 1701 2972 inau-

541 3019 642 3083 ditum
664 3016 773 3082 addere
794 3017 918 3101 possim,
940 3018 973 3082 τὸ
989 3016 1187 3103 Κλεψοδροῦν
1211 3015 1341 3082 aSuida
1362 3018 1478 3100 fictum,
1501 3018 1586 3105 apud
1608 3039 1700 3103 quom

542 3132 668 3214 legitur:
690 3132 880 3215 νλεψοδροόν
902 3130 935 3194 τὸ
958 3130 1159 3215 δικαστήριον.
1196 3129 1414 3214 Bernhardyus
1435 3130 1588 3195 breviter:
1613 3131 1698 3213 „Vox

542 3244 581 3309 ab
603 3225 703 3309 errore
724 3240 888 3326 profecta“.
933 3238 1019 3317 Quod
1046 3239 1134 3303 facilc
1157 3246 1223 3305 arat
1247 3240 1456 3327 pronuntiare.
1499 3240 1615 3308 Melius
1637 3242 1701 3307 Ku-

542 3361 642 3421 sterns
665 3352 843 3438 explicavit,
872 3372 965 3435 quem
986 3351 1065 3417 vide.
1108 3352 1275 3437 Equidem,
1303 3352 1331 3417 si
1352 3373 1464 3419 nomen
1493 3352 1654 3419 dioasterii
1673 3373 1702 3417 re

543 3488 615 3533 vera
636 3466 740 3546 lateat,
763 3467 962 3550 κλεψοδριοῢν
985 3464 1018 3540 id
1039 3463 1134 3529 fuisso
1156 3464 1296 3529 direrim.
1332 3464 1378 3528 De
1392 3464 1519 3530 Motiohi
1541 3463 1701 3531 dicasterio

544 3578 708 3663 (Καλλεῖσν
733 3596 844 3641 nornen
867 3574 956 3640 eius?
978 3576 1040 3641 vid.
1063 3576 1218 3660 Schoem.)
1240 3576 1469 3642 Schoemannus
1491 3574 1513 3639 l.
1534 3574 1558 3640 l.
1581 3598 1612 3663 p.
1628 3577 1702 3641 224:

544 3690 637 3773 „Erat
658 3688 742 3753 haud
764 3688 856 3753 dubie
879 3687 1046 3773 templum,
1069 3688 1103 3751 in
1125 3709 1186 3773 quo
1207 3687 1322 3753 iudicia
1344 3688 1451 3753 haberi
1472 3686 1631 3769 solebant,
1654 3693 1702 3753 aut

544 3801 704 3867 conditum
724 3821 742 3864 a
763 3799 894 3865 Meticho
917 3800 1050 3884 quodam
1072 3800 1247 3879 architecto,
1269 3800 1352 3884 quod
1372 3800 1441 3866 vult
1461 3800 1562 3866 Iulius
1584 3800 1701 3877 Pollux,

545 3920 600 3979 aut
622 3914 649 3978 si
672 3920 772 3978 orator
793 3913 887 3977 fucrit
908 3911 961 3976 illc
983 3913 1151 3992 Metichus,
1182 3912 1248 3977 cius
1275 3911 1488 3999 consiliosius
1514 3917 1701 3978 exstructum

548 4026 614 4091 sive
643 4025 767 4092 indiciis
791 4025 942 4091 habendis
964 4025 1184 4091 destinatum.“
1229 4024 1265 4088 In
1293 4044 1355 4108 quo
1383 4044 1479 4108 quum
1501 4043 1567 4089 non
1589 4023 1702 4110 placeat

545 4138 721 4203 coniectura
742 4138 912 4218 Καλλεῖον,
946 4159 1020 4223 pace
1050 4136 1334 4222 lexicographorum
1362 4139 1484 4215 κάλλιον
1514 4135 1596 4202 nihil
1624 4134 1703 4202 aliud

544 4272 609 4316 esse
632 4271 725 4335 quam
748 4250 906 4337 pulchrius
928 4249 1066 4316 tribunal
1081 4249 1213 4314 dixerim
1234 4249 1311 4334 (vid.
1333 4250 1406 4314 Lex.
1427 4247 1506 4313 rhet.
1520 4270 1552 4333 p.
1569 4250 1635 4314 269
1648 4248 1704 4332 sq.)

545 4384 717 4446 nomenque
745 4362 853 4448 templi
882 4361 1042 4426 cuiusdam
1063 4382 1136 4426 cum
1164 4360 1324 4426 disasterio
1351 4382 1370 4425 a
1398 4360 1611 4443 grammaticis
1637 4382 1704 4427 con·

545 4476 658 4539 fusum.
698 4476 804 4553 Immo,
827 4474 1067 4540 siconiecturao
1088 4473 1173 4538 locus
1194 4472 1292 4551 detur,
1315 4493 1412 4557 quum
1434 4471 1594 4538 aPolluce
1616 4473 1705 4539 adda-

544 4591 612 4650 tur:
646 4589 679 4651 τὸ
714 4589 747 4652 δέ
769 4586 909 4674 Μητίχοο
938 4588 1128 4673 δικαστήριον
1160 4586 1253 4673 μέγα,
1286 4584 1469 4653 coniecerim
1500 4584 1560 4652 hoe
1581 4584 1707 4653 Motiohi
