4484 5467
1040 624 1239 682 ΣΦΗΚΕΣ

1072 798 1200 855 ΣΩΣΙΑΣ.

712 891 802 954 κακῦν
827 890 885 975 ἄρα
907 892 972 958 ταῖς
996 892 1139 974 πλευραῖς
1161 913 1187 951 τι
1211 889 1277 974 πρῴ
1299 885 1419 973 ’peslero
1444 886 1532 971 μέγα.

713 1000 762 1087 ἄρ’
790 1001 881 1065 οἶσθά
904 998 934 1084 γ’
961 999 1024 1064 οἷον
1048 1001 1202 1064 κνώδαλον
1225 1001 1428 1086 φυλάττομεν;

1054 1124 1210 1182 ΞΑΝΘΙΑΣ.

574 1237 590 1288 5
713 1216 792 1280 οἷδ’·
816 1213 885 1279 ἀλλ’
911 1215 1052 1300 ἐπιθυμῶ
1077 1218 1202 1302 σμικρὸν
1225 1215 1481 1301 ἀπομερμηρίσαι.

1070 1340 1198 1397 ΣΩΣΙΑΣ.

711 1430 747 1494 σὺ
772 1429 800 1493 δ’
827 1428 878 1494 οὖν
902 1429 1143 1515 παρακινδύνευ’,
1165 1428 1362 1494 taratonlano
1385 1427 1415 1511 γ’
1441 1429 1521 1512 ἐμοῦ

708 1543 783 1606 κατὰ
804 1546 867 1606 τοῖν
890 1539 992 1627 κόραιν
1015 1541 1076 1627 ἤδη
1098 1567 1125 1605 τι
1147 1544 1319 1627 καταχεῖται
1341 1540 1444 1623 γλυκύ.

588 1750 611 1786 ν.
624 1732 648 1786 3.
683 1728 830 1803 προῦφειλες
853 1731 883 1783 R.
908 1730 939 1783 V.
964 1730 1048 1798 vulgo.
1076 1729 1231 1801 προῦφιίλεις
1253 1728 1331 1781 Emsl.
1349 1728 1409 1780 Eur.
1432 1727 1536 1781 Heracl.
1556 1728 1614 1782 241.
1637 1730 1701 1782 Dind.

621 1818 749 1885 Hirschig.
767 1816 859 1883 Bergk.
877 1815 973 1884 Scripsi
990 1814 1045 1888 πρῲ
1062 1814 1176 1888 Ι’(ρείλειςι
1196 1818 1330 1881 utrumque
1347 1814 1452 1866 verbum
1466 1812 1571 1868 Comico
1584 1817 1700 1868 usitatum.

621 1904 688 1957 Nub.
707 1903 770 1955 546:
790 1904 858 1973 ζητῶ
874 1900 1007 1961 Ἐαπατᾶκ

602 2007 625 2043 ν.
639 1991 663 2042 4.
681 1985 753 2041 οἶσθά
775 1987 797 2057 γ’
823 1986 875 2038 οἷον
898 1987 929 2039 lt.
948 1987 979 2040 V.
999 1986 1083 2055 vulgo.
1102 1984 1167 2039 οἷσθ’
1190 1985 1241 2039 οἷον
1260 1982 1292 2039 Β.
1309 1981 1351 2049 Δ.,
1373 1986 1439 2038 unde
1462 1986 1553 2041 Elmsl.
1575 1988 1639 2041 Aah.
1659 1987 1700 2040 481

620 2072 683 2128 οἶσθ’
705 2074 756 2127 οἷον
774 2072 803 2125 τὸ
822 2092 861 2125 κν.
892 2072 944 2125 Sed
961 2074 1066 2125 articulo
1083 2073 1157 2125 facile
1176 2088 1260 2125 carere
1272 2086 1408 2139 possumus
1425 2075 1485 2139 post
1496 2071 1561 2125 οἷον.
1590 2074 1632 2126 An
1644 2070 1698 2127 οἶσθ’

621 2162 722 2215 troiae?
740 2166 810 2213 ποῖον
823 2160 890 2212 enim
908 2160 934 2211 in
951 2159 1149 2225 interrogatione
1167 2174 1231 2226 quae
1249 2157 1348 2233 (11111111Ι
1358 2157 1461 2225 obliqua
1472 2158 1570 2212 Noster
1587 2160 1640 2213 fere
1652 2176 1701 2212 nus·

618 2264 694 2316 quarn
716 2246 838 2298 adhibuit.
874 2240 959 2303 οἶσθας
984 2243 1034 2297 οἷον
1058 2244 1085 2297 O.
1104 2243 1214 2297 Brunck.
1233 2244 1308 2298 Conz.
1343 2244 1380 2296 De
1402 2244 1484 2297 forma
1505 2241 1608 2311 οἶσθας,
1635 2262 1701 2314 quam

617 2334 703 2401 utique
721 2332 855 2384 barbaram
874 2333 950 2398 atque
967 2330 1044 2382 etiam
1061 2330 1143 2382 forma
1160 2329 1229 2387 οἶδας
1246 2330 1325 2382 multo
1343 2331 1486 2398 sequiorem
1503 2347 1563 2385 esse
1580 2336 1655 2401 puto,
1674 2332 1701 2385 cl.

616 2419 725 2487 Hesyoh.
744 2433 765 2469 s.
782 2434 806 2469 ν.
824 2416 939 2469 Eustatlr.
958 2416 991 2468 ad
1012 2414 1058 2467 Od.
1075 2415 1135 2480 XV,
1148 2415 1182 2468 20
1197 2431 1223 2483 p.
1237 2415 1310 2480 1773,
1324 2415 1364 2469 27.
1383 2416 1497 2469 Pierson.
1514 2418 1595 2473 Moer.
1613 2436 1639 2487 p.
1651 2418 1701 2471 283.

618 2506 693 2558 Mein.
711 2504 777 2555 Mon.
796 2518 820 2568 p.
833 2501 889 2564 122,
903 2501 972 2554 Com.
985 2501 1020 2554 IV
1033 2518 1057 2569 p.
1070 2502 1108 2553 14.
1124 2502 1180 2554 174.
1209 2502 1353 2554 Dobraeum
1371 2502 1403 2553 ad
1421 2502 1467 2569 Eq.
1488 2503 1565 2557 1668.
1591 2504 1656 2558 Sunt
1670 2511 1702 2556 ta·

616 2607 683 2655 men,
701 2589 744 2656 qui
762 2588 950 2654 patrocinentur
967 2589 1070 2652 formae,
1088 2592 1117 2639 ut
1135 2588 1264 2639 Bentlcius
1283 2591 1308 2640 et
1325 2589 1355 2640 A.
1374 2588 1513 2654 NauckiuS,
1536 2592 1582 2659 qui
1598 2607 1653 2643 eam
1668 2606 1701 2643 re·

616 2670 699 2729 stituit
716 2674 775 2725 Eur.
793 2673 847 2740 Iph.
867 2673 942 2727 Taur.
961 2673 1012 2726 814
1029 2678 1055 2726 et
1066 2674 1162 2726 Alcest.
1182 2672 1244 2737 7803
1262 2674 1329 2725 idem
1346 2673 1407 2727 Eur.
1424 2674 1480 2726 Hel.
1499 2674 1552 2729 587
1571 2679 1597 2729 et
1608 2677 1700 2730 Heracl.

616 2762 649 2815 65
667 2760 770 2813 exhibet
786 2755 867 2829 ἠσθας
886 2774 935 2812 sec.
954 2760 1009 2812 Ael.
1027 2759 1133 2827 Dionys.
1152 2775 1192 2827 ap.
1210 2759 1327 2811 Eustath.
1344 2759 1361 2811 l.
1380 2760 1396 2812 l.

581 2867 604 2903 1.
618 2849 642 2901 6.
677 2845 708 2899 αὕ
730 2846 761 2897 R.
788 2844 852 2896 lunt.
880 2845 930 2901 οὕν,
945 2846 974 2899 Ρ.
995 2847 1080 2914 vitige.
1115 2846 1157 2898 An
1179 2846 1208 2897 οὕ
1232 2845 1277 2914 μὲν
1300 2844 1360 2897 ode?
1401 2846 1450 2899 Pro
1473 2846 1572 2901 καῦποῦ
1595 2848 1620 2920 γ’
1646 2849 1701 2918 ἐμοῦ

615 2934 691 2988 Dind.
709 2931 898 2985 1111111καῦτοῦ
917 2932 944 3001 γέ
962 2951 1012 3001 μου
1030 2933 1133 2986 mavult.

581 3039 605 3076 ν.
617 3022 641 3074 7.
677 3017 756 3072 ὕπνου
778 3020 809 3072 R.
827 3018 859 3072 V.
882 3015 977 3081 (ὕπνιον
996 3019 1027 3073 R.
1045 3034 1094 3072 sec.
1113 3019 1178 3082 lnr.)
1200 3017 1278 3071 Bell.
1301 3018 1375 3071 Dind.
1393 3019 1493 3073 Hirsch.
1516 3019 1612 3089 Bergk.
1632 3020 1701 3075 edL

595 3180 619 3216 ν.
637 3160 661 3215 8.
691 3167 746 3218 ταῖς
763 3159 894 3230 πλευραῖςι
912 3157 1100 3209 laterasuntet
1202 3156 1262 3210 uo.
1289 3156 1502 3229 ἀπομερμηρίσαι
1516 3159 1701 3231 εοθολΒμέρ

542 3254 641 3318 tergum
653 3261 790 3309 servorum,
808 3260 873 3312 quae
889 3243 1010 3310 vapulant
1022 3243 1099 3310 Vesp.
1150 3260 1219 3313 μηρα
1236 3271 1270 3279 -
1288 3241 1301 3294 ὕ
1314 3242 1375 3313 πρὸς
1393 3242 1428 3295 ἕω
1440 3239 1526 3301 ὕπνος.
1544 3244 1578 3298 V.
1592 3245 1635 3297 καὶ
1646 3244 1701 3318 πρὸς

545 3334 618 3387 1293.
648 3331 794 3384 11111747.
819 3332 866 3382 Ar.
889 3328 947 3381 985.
970 3357 1004 3365 -
1023 3327 1098 3401 προῦ·
1147 3327 1191 3379 τὸν
1210 3324 1300 3400 ὄρθρον
1319 3328 1345 3381 δὲ
1357 3328 1450 3398 γίνεταί
1465 3347 1504 3388 τις
1516 3326 1596 3389 ὕπνος
1613 3330 1639 3382 ἐν
1651 3337 1701 3387 ταῖς

543 3419 645 3492 pellere,
673 3416 740 3485 quod
762 3415 840 3469 schol.
866 3415 957 3483 legisse
985 3418 1097 3482 apparet,
1147 3414 1298 3467 ἐπιστάσεσιν
1317 3414 1433 3487 ἐλαφρός,
1452 3414 1479 3467 θν
1498 3413 1584 3487 τοῦτῳ
1602 3421 1639 3489 τῷ
1652 3414 1701 3468 ὀνό-

542 3507 606 3571 sign.
630 3508 688 3556 ante
712 3506 812 3569 tempus
835 3501 937 3563 debere,
964 3500 980 3551 i.
999 3515 1020 3552 e.
1039 3504 1097 3552 ante
1147 3519 1207 3569 ματι
1224 3500 1338 3553 καλοῦσι.
1356 3501 1450 3569 Phryn.
1468 3500 1499 3554 B.
1512 3502 1564 3554 An.
1583 3519 1609 3571 p.
1623 3502 1664 3567 28,
1676 3503 1701 3554 4:

542 3590 621 3653 ‹liem3
646 3604 705 3640 narn
726 3585 836 3638 interdiu
859 3586 925 3638 servi
947 3588 971 3637 et
993 3601 1098 3653 peccaro
1148 3588 1266 3659 μέρμηρα
1287 3586 1304 3658 ἡ
1327 3586 1361 3645 εἰς
1383 3584 1459 3639 ὕπνον
1489 3590 1635 3661 καταφορά.
1668 3588 1701 3640 Ita

543 3674 624 3726 solent
643 3678 668 3725 et
680 3673 808 3740 vapulare.
834 3671 907 3735 Quod
919 3672 995 3722 etiam
1008 3672 1097 3724 melius
1147 3688 1206 3737 που,
1232 3673 1343 3725 animum
1365 3687 1454 3726 somno
1475 3674 1626 3740 relaxaturi,
1648 3673 1703 3727 dici·

542 3758 706 3827 significatur,
716 3774 793 3825 quum
802 3754 1099 3831 legimusnrpdr'peilere.
1146 3774 1215 3810 mus:
1242 3758 1296 3810 sich
1317 3758 1442 3826 inwendig
1464 3759 1624 3827 besohauen,
1646 3761 1662 3814 i.
1683 3775 1702 3812 o.

592 3861 615 3897 ν.
628 3844 652 3897 4.
682 3842 827 3895 κνώδαλονι
845 3843 988 3897 dehomine
1001 3845 1096 3897 dictum
1146 3860 1203 3895 cum
1231 3846 1297 3896 curis
1323 3845 1400 3896 tacite
1426 3844 1545 3913 colloqui.
1586 3847 1657 3912 Quae
1678 3850 1702 3897 ut

540 3933 688 3994 monstrum,
698 3928 851 3998 Ungethrim,
862 3930 994 3997 significat.
1018 3932 1096 3984 Varia
1146 3944 1235 3982 somno
1253 3931 1363 3997 sopiunt,
1381 3931 1417 3981 ita
1428 3932 1578 3999 propellunt
1591 3948 1701 3987 somnum

540 4016 572 4068 ab
584 4015 743 4083 Etymologo,
760 4014 847 4079 Suida,
864 4015 999 4084 HesychiO,
1017 4017 1094 4069 schol.
1144 4018 1280 4083 vetantque
1298 4031 1344 4067 nos
1357 4019 1385 4067 ut
1396 4017 1617 4084 Agamemnonem
1635 4019 1700 4072 illum

539 4101 653 4164 Homeri,
676 4101 797 4153 Nicandri
818 4101 980 4169 proferuntur
1001 4105 1094 4170 etymrr,
1144 4098 1222 4153 ὕπνου
1246 4101 1326 4173 δῶρον
1350 4098 1448 4154 ἑλέσθαι
1471 4101 1515 4170 (cl.
1533 4102 1653 4157 Eustath.
1673 4102 1701 4155 ad

539 4202 603 4255 quae
621 4201 688 4238 nuno
704 4189 885 4254 praetermitto.
915 4188 1001 4240 Possit
1017 4188 1094 4240 etiam
1143 4186 1172 4239 ll.
1190 4187 1225 4251 X,
1244 4187 1293 4239 519
1311 4204 1336 4255 p.
1355 4187 1413 4252 821,
1432 4188 1483 4252 56).

539 4290 554 4324 a
580 4270 700 4325 κνώσσειν
728 4272 847 4336 derivari,
875 4288 924 4341 quo
947 4289 1027 4341 aquae
1048 4289 1094 4341 per
1195 4290 1218 4326 ν.
1237 4273 1261 4327 6.
1296 4273 1338 4326 Ad
1360 4274 1389 4325 σῦ
1407 4272 1430 4325 δ’
1456 4272 1499 4326 οὕν
1524 4276 1576 4330 vid.
1595 4275 1701 4347 Knigeri

537 4374 612 4411 nares
640 4358 779 4410 belluarum
808 4359 960 4410 marinarum
996 4358 1090 4411 effusae
1141 4358 1328 4423 6161869,
1347 4359 1698 4432 52;eundemadXen0pn.

537 4444 657 4511 strepitus
676 4444 807 4495 reddatur:
829 4443 1032 4495 Schnarchthier.
1051 4443 1088 4497 61.
1139 4445 1188 4498 An.
1207 4445 1226 4509 l,
1245 4444 1269 4509 ὕ,
1288 4445 1327 4498 12.
1350 4444 1374 4509 3,
1387 4445 1411 4498 5.
1433 4445 1464 4510 Π,
1483 4447 1507 4510 4,
1527 4448 1552 4499 6.
1575 4448 1609 4513 V,
1626 4448 1699 4513 6,11.

537 4527 596 4595 Lys.
615 4528 672 4581 476.
692 4527 786 4581 Oratin.
808 4546 848 4597 ap.
866 4528 944 4581 schol.
964 4529 1011 4582 Ar.
1030 4529 1089 4593 766,
1139 4529 1204 4584 Plat.
1217 4530 1292 4598 Apol.
1304 4547 1330 4598 p.
1345 4530 1375 4583 17
1389 4547 1415 4596 a;
1433 4531 1698 4589 infrav.764.1154

536 4610 610 4665 Mein.
629 4613 655 4666 C.
674 4614 697 4665 ll
715 4631 739 4682 p.
760 4614 815 4667 152.
1191 4632 1214 4667 ν.
1234 4616 1257 4667 7.
1288 4616 1399 4668 Praetuli
1417 4615 1475 4688 ἤδη,
1494 4634 1572 4685 quum
1587 4622 1699 4673 v.9ser·
