4484 5467
547 627 608 690 106
928 630 1119 686 Paohuoou.
1155 631 1267 686 CAPVT
1285 630 1323 684 IV

545 797 584 862 ab
606 797 712 863 eodem
734 803 765 863 et
786 818 806 863 e
826 797 924 864 Snida
945 799 1084 885 aliisque,
1106 803 1161 886 τὴν
1184 803 1304 887 ἡλιαίαν
1333 806 1365 866 et
1391 802 1497 866 leoum
1521 800 1696 866 iudieiornur

544 915 576 974 et
596 915 780 975 conventum
801 910 939 977 iudicum
961 911 1144 996 significare,
1166 913 1425 997 quemadmodum
1447 934 1548 999 supra
1568 934 1599 978 va
1628 915 1696 978 δοιο·

546 1023 667 1109 στὴριον
690 1027 857 1108 ntrumque
878 1023 980 1089 valere
1001 1046 1039 1091 ex
1061 1025 1267 1111 Aristophane
1288 1024 1355 1111 ipso
1376 1025 1583 1091 ostendimus.

628 1133 746 1198 Deinde
768 1156 805 1199 ex
827 1135 875 1201 his
897 1136 1167 1221 grammaticorum
1189 1136 1445 1223 explicationibus
1467 1143 1615 1223 apparat,
1642 1138 1696 1204 lle

542 1245 654 1312 lioeam
680 1245 760 1312 nihil
787 1246 872 1313 aliud
898 1248 993 1315 fuisse
1020 1271 1115 1334 quam
1142 1249 1242 1314 maius
1271 1248 1396 1333 aliquod
1415 1249 1576 1334 tribunal,
1604 1250 1696 1318 maius

542 1379 637 1443 quam
658 1360 692 1423 τὸ
714 1359 832 1440 καινόν,
853 1361 887 1425 τὸ
911 1361 1003 1448 μέσον
1031 1368 1062 1426 et
1083 1382 1163 1445 qnae
1183 1382 1276 1446 supra
1296 1361 1506 1445 eognovimus.
1545 1362 1590 1428 Vt
1609 1363 1696 1447 igitur

541 1470 754 1556 unusquisqne
777 1474 919 1558 ὑικαστὴς
941 1473 1034 1539 etiam
1056 1475 1205 1559 ἡλιαστὴς
1225 1472 1398 1559 appellatur
1420 1472 1577 1560 debetque
1599 1475 1696 1561 appel·

541 1583 610 1665 lari,
632 1588 669 1648 ut
689 1583 769 1648 nihil
790 1604 914 1669 prorsus
935 1585 1058 1650 intersit
1079 1585 1161 1649 inter
1181 1590 1344 1670 utramque
1359 1584 1638 1669 significationem
1657 1588 1696 1652 ita

541 1695 781 1781 unumquodque
802 1695 939 1761 tribunal
960 1717 1056 1781 quum
1078 1718 1171 1762 suum
1192 1697 1348 1781 singulare
1369 1717 1483 1762 nomen
1512 1697 1612 1764 habet
1637 1699 1695 1765 sire

540 1803 646 1874 alnei
673 1807 738 1873 sive
766 1829 785 1872 a
806 1807 1010 1873 cancellorum
1030 1809 1128 1873 eolere
1150 1809 1216 1874 sive
1236 1830 1256 1874 a
1276 1808 1391 1895 templo
1412 1828 1509 1895 prope
1531 1810 1613 1894 sito,
1634 1816 1695 1877 tun

540 1920 668 1984 Heliaea
688 1925 788 2006 potest
809 1920 966 2006 appellari,
989 1921 1221 2008 appellaturque
1248 1922 1308 2004 sie,
1337 1942 1434 2007 quum
1456 1922 1492 1986 in
1514 1922 1695 1990 universum

540 2031 578 2095 de
599 2032 722 2097 iudiciis
743 2038 774 2097 et
794 2032 1011 2116 tribunalibus,
1033 2039 1183 2116 tanquam
1197 2033 1235 2097 de
1256 2034 1347 2099 rebus
1369 2031 1576 2120 reipublicae
1597 2056 1695 2102 naeus·

539 2141 644 2227 soriis,
678 2144 789 2228 agitur.
846 2145 951 2209 Fuerit
988 2151 1092 2210 autem
1124 2145 1270 2229 loquendi
1296 2167 1372 2211 usus
1404 2145 1494 2228 talis,
1537 2154 1576 2213 ut
1603 2149 1695 2214 Athe-

538 2256 661 2322 nienses
682 2276 745 2323 non
767 2260 787 2342 ἡ
813 2257 889 2344 ρέσὴ
913 2258 1027 2342 ἡλιαία,
1049 2259 1069 2342 ἡ
1094 2258 1193 2342 καινὴ,
1214 2260 1453 2346 ἡπαροίβυστος,
1476 2261 1496 2344 ἡ
1523 2260 1557 2325 ἐν
1580 2261 1695 2327 Παλλο·

539 2370 605 2453 δίῳ,
626 2370 646 2454 ἡ
669 2369 824 2455 τρίγωνος,
847 2390 946 2452 neque
967 2373 1090 2434 tantum
1111 2371 1132 2454 ἡ
1159 2370 1236 2455 μίση
1258 2375 1317 2434 etc.
1340 2370 1473 2435 solerent
1494 2370 1617 2455 disere,
1647 2372 1695 2439 sed

538 2481 571 2544 τὸ
595 2483 785 2567 δικαστήριον
808 2480 1040 2563 subaudientes,
1069 2481 1150 2566 quod
1177 2482 1316 2567 plurium
1336 2482 1544 2548 tribunalium
1568 2486 1694 2550 ooniun·

538 2591 670 2656 ctionem
697 2593 817 2676 ἡλιαίαν
845 2614 1025 2679 nuncupare
1052 2598 1250 2673 consuerant,
1283 2596 1317 2660 τὸ
1348 2595 1457 2680 μέσον,
1483 2595 1519 2659 τὸ
1549 2597 1694 2683 τρίγωνον

541 2703 691 2784 diaerent3
719 2703 819 2769 maius
847 2705 1049 2789 quodeunque
1075 2705 1212 2770 tribunal
1239 2704 1305 2771 κατ’
1336 2708 1447 2793 ἐξοχὴν
1478 2714 1644 2774 vocarent:
1677 2714 1695 2796 ἡ

541 2816 655 2900 ἡλιαία
699 2816 815 2900 Itaque,
838 2817 919 2902 quod
939 2816 1053 2882 iterum
1073 2837 1197 2882 monere
1219 2817 1360 2897 sufficiat,
1383 2817 1631 2902 quingentorum
1652 2822 1696 2886 in·

540 2925 643 2990 dieum
664 2928 801 2994 tribunal
823 2929 874 3015 (ut
895 2930 1020 2995 fortasse
1042 2929 1080 2993 ab
1102 2929 1294 3015 Antiphonte
1315 2932 1383 3017 περὶ
1403 2936 1557 3016 χορεοτοῦ
1582 2954 1613 3017 p.
1637 2934 1695 2998 774

539 3038 575 3101 R.
604 3040 717 3129 ἀναβὰς
743 3041 784 3112 είς
810 3043 864 3127 τὴν
894 3043 1014 3127 ἡλιαίαν
1042 3043 1096 3126 τὴν
1127 3046 1186 3108 τῶν
1215 3041 1428 3128 θεσμοθετῶν)
1455 3040 1576 3126 puriter
1607 3050 1696 3130 atquo

539 3171 591 3215 sex
613 3152 736 3218 milium
758 3159 789 3218 ot
810 3158 857 3219 est
878 3158 909 3217 et
929 3157 1055 3218 vocatur
1077 3153 1213 3218 Heliaea
1610 3186 1613 3191 ·

623 3265 667 3330 At
687 3264 788 3350 qualis
808 3264 902 3330 fuerit
925 3265 941 3328 ὁ
964 3265 1055 3336 τόπος
1077 3265 1176 3344 οὗτος,
1199 3267 1229 3331 ἐν
1254 3260 1502 3354 ῳὴθροίίοντοθ
1521 3264 1628 3332 Schol.
1644 3266 1693 3332 Δι’.

537 3377 629 3460 Vesp.
649 3376 692 3441 '88
715 3376 824 3441 tradit:
848 3376 920 3463 ὅπερ
943 3377 990 3461 (τὸ
1014 3380 1069 3443 δικ.
1091 3403 1115 3443 τ.
1135 3377 1220 3461 Ἧλ.)
1251 3378 1331 3442 οὑτω
1360 3380 1493 3442 καλεῖται
1522 3379 1574 3443 διὰ
1601 3380 1638 3443 τὸ
1665 3380 1693 3443 ἐν

540 3488 690 3575 ὑπαιθρίῳ
712 3487 788 3553 εἶναι
809 3490 859 3553 καί
880 3491 961 3576 ἡλίῳ
985 3491 1158 3578 βάλλεσθαι,
1181 3494 1212 3553 et
1232 3489 1323 3573 Vesp.
1346 3489 1424 3552 772:
1449 3487 1465 3551 ὃ
1488 3488 1537 3573 (τὸ
1562 3489 1606 3575 δ.)
1630 3490 1692 3555 ταίν

538 3624 591 3683 της
611 3604 667 3683 τῆς
694 3599 861 3685 ὀνομασίας
883 3600 973 3689 ἔτυχε
996 3602 1043 3666 διὰ
1064 3602 1098 3665 τὸ
1121 3604 1152 3668 ἐν
1177 3602 1316 3688 ὑπαίθρῳ
1345 3600 1421 3695 αὐτὸ.
1441 3600 1692 3689 ἀναπεπταμένον

541 3711 703 3798 βάλλεσθαι
724 3719 770 3797 uqi
790 3713 880 3798 ἡλίῳ,
903 3719 933 3777 et
954 3712 1013 3777 Av.
1030 3714 1106 3777 109:
1131 3713 1210 3777 οὑτω
1234 3714 1268 3777 δὲ
1290 3712 1407 3798 ἐκλήθη
1431 3711 1535 3776 διὰτὸ
1559 3714 1593 3778 ἐν
1611 3714 1690 3778 ὑπαί·

538 3823 605 3908 θρῳ
628 3822 704 3887 εἶναι
726 3822 809 3909 πὺπῳ
832 3826 881 3889 καί
903 3825 960 3888 ὑπὸ
982 3829 1036 3888 τοὺ
1059 3825 1151 3909 ἡλίου
1168 3825 1342 3912 βάλλεσθαι,
1364 3827 1396 3887 et
1409 3822 1489 3887 Nub.
1505 3824 1589 3889 862:
1612 3828 1692 3910 ἡλια·

540 3934 637 3999 στικὸν
667 3935 730 3999 ἀντὶ
752 3939 806 3998 τοῦ
835 3935 1077 4022 ἐκκλησιαστικὺν
1106 3936 1144 3999 R.
1171 3936 1208 3999 V.
1237 3936 1343 4020 ἡλιαία
1371 3936 1405 3999 δὲ
1433 3936 1467 3998 τὸ
1498 3937 1690 4024 δικαστήριον

538 4046 587 4110 διὰ
618 4045 652 4109 τὸ
681 4045 837 4133 ὑπαίθριον
868 4047 944 4113 εἶναι
973 4049 1023 4112 καὶ
1047 4054 1093 4134 τῷ
1119 4048 1200 4134 ἡλίῳ
1231 4044 1589 4135 fidhhaoiiu13ethlquit
1613 4047 1689 4113 255:

538 4158 643 4243 ἡλιαία
666 4158 700 4222 δὲ
721 4161 854 4224 καλεῖται
877 4159 980 4224 διὰτὸ
1005 4159 1163 4245 ὑπαίθριον
1187 4158 1260 4223 αὑτὸ
1283 4158 1360 4224 εἶναι
1389 4159 1439 4223 καί
1466 4157 1524 4221 ὑπὸ
1547 4167 1595 4246 τῷ
1616 4161 1692 4245 ἡλίῳ

536 4269 720 4344 καθέζεσθαι
748 4269 820 4341 τοὺς
852 4270 1050 4340 συνελθόντας
1077 4273 1226 4342 δικαστάς.
1249 4268 1417 4353 —Neque
1445 4275 1550 4334 tamen
1573 4276 1692 4357 prepter

536 4380 620 4447 huno
646 4381 831 4448 scholiorum
864 4402 1046 4447 eonsensum
1079 4402 1191 4446 nomen
1234 4380 1378 4446 Heliaeae
1409 4382 1456 4446 ita
1491 4381 1692 4448 derivandum

538 4512 603 4557 esse
632 4495 826 4575 crediderim3
856 4494 910 4559 sed
937 4492 1088 4559 Zonaram
1116 4498 1209 4577 atque
1237 4493 1451 4577 Etymologum
1481 4514 1608 4579 sequor,
1642 4493 1692 4579 qui

538 4606 643 4691 ἡλιαία
665 4608 703 4673 ab
726 4607 883 4684 ἁλίζεσθαι
904 4606 926 4672 i.
949 4626 975 4670 e.
999 4605 1252 4692 συναθροίζεσθαι
1273 4604 1425 4689 originem
1446 4605 1556 4671 duoere
1571 4607 1692 4686 dooent3
