4484 5467
550 584 591 646 20
942 578 1132 634 recursor.
1169 577 1310 631 ‹rnrvrr

549 752 760 829 Aristarchus,
784 753 887 814 Crates
910 757 940 813 ct
961 750 1012 813 alii
1036 735 1142 829 multi,
1172 752 1223 835 qui
1248 750 1366 814 fabulas
1388 756 1527 815 vetemm
1548 756 1712 836 poetarum

550 872 623 929 sunt
644 864 845 949 interpretati.
887 861 933 925 llo
956 862 1004 925 his
1027 863 1247 948 accipiendum,
1271 862 1389 958 quoties
1411 862 1478 926 sine
1493 863 1620 927 nomine
1644 863 1712 927 lau·

550 978 663 1042 dantur
690 980 720 1041 αἱ
748 976 961 1040 trecenarius
1008 973 1089 1037 lllud
1122 975 1204 1038 enim
1235 977 1264 1039 αἱ
1294 975 1481 1039 διδασκαλίαι
1510 976 1638 1061 φέρουσι
1664 975 1712 1039 vel

550 1091 668 1175 φέρεται
692 1090 721 1152 ἐν
745 1094 809 1157 ταῖς
827 1087 1029 1156 διδασκαλίαις
1051 1087 1090 1149 ad
1105 1086 1280 1150 Aristotelis
1295 1107 1370 1171 opus
1386 1086 1492 1169 utique
1515 1086 1712 1151 referendum

550 1222 615 1263 esse
637 1207 752 1264 certum
777 1206 836 1275 est,
866 1198 946 1281 quod
969 1199 1138 1262 remotioris
1161 1198 1309 1282 cuiusque
1331 1198 1476 1282 temporis
1498 1199 1713 1281 grammaticis

550 1334 588 1375 ne
611 1312 760 1396 inspicere
789 1308 913 1393 quidem
942 1310 1002 1372 uisi
1031 1310 1063 1372 iu
1092 1309 1242 1373 eiusmodi
1271 1310 1348 1373 libro
1377 1309 1558 1374 didascalias
1588 1310 1713 1388 licebat,

534 1389 630 1508 ‘quod
653 1421 828 1488 Aristotelis
849 1442 960 1484 nomeu
983 1422 1057 1484 satis
1080 1424 1254 1504 frequenter
1276 1421 1417 1485 additum
1438 1422 1598 1506 reperitur,
1622 1422 1713 1485 derri-

551 1557 610 1619 que
633 1534 713 1618 quod
735 1555 788 1618 per
810 1538 906 1597 totam
928 1531 1014 1596 illam
1029 1532 1300 1615 grammaticorum
1314 1538 1447 1597 aetatem
1468 1532 1597 1597 titulum
1612 1533 1713 1597 hunc:

551 1650 581 1712 αἱ
604 1647 806 1722 διδασκαλίαι,
834 1645 868 1707 in
897 1664 955 1707 usu
977 1644 1085 1723 fuisse,
1114 1644 1341 1726 escholiastis,
1371 1643 1610 1730 lexicographis‚
1640 1644 1714 1709 aliis

550 1758 583 1821 id
606 1779 700 1840 genus
722 1757 920 1843 scriptoribus
942 1755 1125 1841 perspicitur
1146 1756 1326 1821 luculenter.
1356 1784 1359 1788 ¹

636 1870 701 1933 XV.
745 1870 809 1955 Hac
831 1869 926 1951 igitur
948 1871 1148 1933 διδασκαλιῶν
1171 1868 1323 1951 farragine
1345 1867 1525 1953 interpretes
1546 1874 1714 1953 poetarum

552 1983 740 2047 scenicorum
762 1982 806 2045 ita
828 1981 876 2045 usi
899 1984 981 2061 sunt,
1004 1985 1040 2043 ut
1061 1979 1225 2064 paullatim
1245 1980 1447 2045 immutarent
1469 1979 1637 2063 genuinam
1661 2001 1714 2046 ea-

552 2117 622 2160 rum
644 2097 787 2174 formem;
808 2093 830 2156 i.
849 2115 874 2156 e.
897 2115 934 2157 ca
955 2091 1141 2173 omitterent,
1164 2112 1242 2176 quae
1264 2091 1304 2156 ad
1325 2091 1472 2175 fabulam,
1494 2114 1589 2178 quam
1612 2094 1713 2179 expli-

552 2208 650 2271 caturi
672 2212 768 2287 eraut,
792 2226 853 2270 non
876 2205 1053 2269 viderentur
1073 2204 1245 2268 necessaria
1266 2225 1341 2287 esse,
1364 2204 1511 2269 adderent
1519 2203 1607 2287 uero,
1630 2227 1712 2290 quae

552 2319 690 2384 homiues
724 2318 845 2403 epigoni
878 2323 932 2382 aut
962 2316 1115 2381 nescirent
1144 2322 1199 2379 aut
1226 2316 1303 2380 seire
1332 2322 1486 2402 cuperent.
1530 2316 1713 2381 Omiseruut

553 2438 656 2495 autom
684 2429 835 2521 primum,
864 2428 945 2512 quod
966 2429 1078 2510 sciam,
1107 2434 1244 2492 aetorum
1274 2429 1414 2512 nomina,
1442 2434 1548 2515 utpote
1576 2430 1615 2495 ad
1643 2452 1712 2495 rem

552 2564 615 2607 non
637 2541 770 2626 amplius
786 2540 986 2626 pcrtinentia3
1009 2539 1119 2604 deinde
1141 2539 1317 2604 fabularum
1332 2540 1471 2605 eiusdem
1485 2542 1711 2606 commissionis

553 2655 678 2719 uomina
699 2675 760 2717 non
783 2653 887 2738 omnia
907 2658 1096 2736 receperunt,
1119 2658 1188 2716 tum
1209 2651 1321 2716 sabulis
1343 2652 1464 2717 omissis
1490 2659 1615 2718 tantum
1636 2675 1710 2739 poe-

552 2774 655 2832 tarum
683 2764 820 2829 eiusdem
847 2763 1062 2829 sollemnitatis
1089 2764 1216 2829 nomina
1242 2770 1426 2850 posuerunt3
1454 2764 1587 2850 denique
1614 2766 1712 2831 unius

552 2885 675 2943 tantum
690 2876 824 2942 auctoris
846 2876 966 2941 fabulae
988 2896 1099 2941 nomen
1121 2876 1228 2940 afferre
1248 2877 1324 2943 satis
1338 2878 1521 2942 habuerunt.
1558 2876 1712 2943 Nonnun-

553 3014 646 3076 quam
673 2989 803 3076 praemii
825 2988 1012 3054 mentionem
1035 2988 1167 3073 reperire
1195 2987 1275 3067 licet,
1298 2995 1335 3054 ut
1362 2989 1396 3053 in
1418 3010 1481 3072 arg.
1504 2988 1654 3053 Androm.
1676 2991 1711 3055 τδ

553 3107 652 3190 δρᾶμα
674 3107 733 3166 τῶν
758 3103 916 3188 δευτέρων,
938 3102 970 3165 in
989 3101 1104 3166 Orestis
1126 3102 1160 3165 τδ
1184 3104 1286 3189 δρᾶμα
1307 3106 1367 3168 τῶν
1387 3104 1435 3167 ἐπὶ
1457 3107 1571 3188 σκηνῆς
1593 3102 1709 3169 εὐδοκι-

555 3216 707 3301 μούντων,
729 3215 763 3279 in
785 3214 944 3299 Hippolyti
972 3215 1005 3278 τὸ
1029 3218 1129 3301 δρᾶμα
1150 3218 1210 3279 τῶν
1234 3216 1361 3300 πρώτων
1384 3219 1453 3299 post
1474 3213 1578 3299 ipsum
1600 3215 1710 3297 fragm.

553 3327 770 3391 didascalicum
793 3347 855 3391 non
877 3331 948 3410 apte
970 3325 1118 3390 additum.
1162 3326 1327 3391 Archontis
1350 3346 1462 3390 nomen
1484 3326 1628 3391 omnibus
1651 3328 1711 3392 hu·

552 3439 685 3503 iusmodi
706 3413 885 3521 fragmentis
901 3437 1091 3505 didascalicis
1107 3438 1322 3525 praepositum·
1338 3444 1398 3518 est3
1421 3437 1515 3502 immo
1531 3440 1593 3501 fere
1607 3438 1709 3503 solum

552 3551 679 3628 restitit,
711 3550 838 3633 reliquis
865 3549 1007 3613 omnibus
1040 3555 1095 3614 aut
1126 3550 1238 3615 demtis
1265 3556 1320 3614 aut
1351 3549 1479 3634 perditis
1506 3549 1585 3634 (arg.
1615 3550 1709 3636 Soph.

552 3662 641 3743 Phil,
664 3663 716 3725 Ar.
732 3661 826 3746 Lys.).
860 3663 944 3738 Quae
958 3660 1109 3747 particula
1135 3682 1229 3745 quam
1250 3662 1338 3726 facile
1359 3661 1494 3746 potuerit
1514 3684 1534 3725 a
1555 3682 1710 3744 gramma·

551 3775 611 3838 tico
633 3774 735 3858 aliquo
757 3774 922 3838 recentiore
943 3773 1045 3855 reiici,
1079 3774 1195 3858 talique
1217 3774 1306 3839 modo
1331 3778 1548 3857 argumentum
1570 3773 1710 3838 didasca-

552 3887 647 3950 lieum
677 3885 812 3971 deperire
840 3884 1005 3968 gradatim,
1035 3906 1097 3950 non
1119 3892 1166 3949 est
1188 3885 1270 3978 quod
1290 3907 1447 3968 moneam,
1478 3885 1532 3951 sed
1554 3891 1601 3949 est
1627 3886 1711 3971 quod

552 3998 707 4062 doleamus
729 3998 763 4060 iu
785 4003 830 4061 tot
851 3996 1096 4061 enarrationibus
1118 3996 1335 4082 superstitibus
1357 3998 1497 4083 quidem,
1526 3998 1580 4062 sed
1602 4019 1710 4084 super·

551 4110 701 4174 vacaneis.
740 4109 851 4174 Contra
866 4108 1051 4173 addiderunt
1066 4107 1258 4192 grammatici
1273 4109 1388 4175 leviora
1402 4108 1536 4194 quidem,
1559 4109 1613 4174 sed
1630 4116 1709 4174 tem-

550 4245 659 4307 porum
687 4221 790 4307 captui
817 4242 879 4286 non
908 4219 1048 4298 inutilia,
1078 4242 1221 4285 numeros
1251 4220 1317 4286 dieo
1345 4221 1572 4307 Olympiadum.
1622 4222 1709 4299 Quod

551 4336 664 4419 ubique
679 4337 794 4399 lactum
812 4355 886 4415 esse,
910 4355 947 4396 cx
963 4335 1152 4417 argumentis
1174 4334 1390 4421 superstitibus
1405 4340 1540 4419 apparet,
1563 4354 1708 4399 nonuun-

551 4467 643 4529 quam
671 4468 741 4510 vero
769 4446 961 4510 intellectum
988 4467 1050 4510 non
1080 4468 1161 4529 esse,
1196 4452 1412 4530 argumentum
1434 4447 1605 4533 vesparum
1632 4448 1708 4511 satis

551 4554 645 4620 docet.
693 4559 774 4635 Quin
798 4560 891 4623 etiam
920 4558 1002 4623 hunc
1031 4560 1106 4623 anni
1129 4559 1379 4645 Olympiadisque
1406 4580 1570 4623 numerum
1593 4559 1708 4645 ubique
