4484 5467
544 598 606 661 160
924 591 1114 646 PROLEGOM.
1149 589 1261 644 GAPV'I'
1279 588 1316 642 1v

543 787 640 852 quum
661 765 744 829 dieat
768 765 880 850 μισθοῦ
902 763 1044 850 τρυβλίυο
1062 764 1206 848 ῥοφῆσαι,
1228 766 1332 846 aperte
1347 758 1435 826 ludit
1450 760 1558 826 verbis
1572 761 1682 850 τρυβλίον

543 887 574 944 ct
601 878 789 966 τριώβολον).
841 876 932 939 Porro
960 881 990 936 et
1017 872 1145 936 alteram
1175 877 1205 936 et
1237 879 1403 957 utramque
1440 873 1556 940 scholii
1587 871 1684 960 moript'

544 997 661 1077 partem
689 989 849 1052 confirmat
876 986 1040 1051 scholiasta
1069 985 1145 1049 Rau.
1174 984 1255 1050 Nub.
1284 985 1362 1050 862:
1393 985 1458 1074 οὐχ
1486 986 1590 1052 ἵστατο
1612 987 1685 1050 ὁτῶν

545 1107 691 1168 δικαστῶν
722 1100 843 1186 prauos
871 1100 959 1162 cuius
987 1099 1168 1163 auctoritate
1196 1095 1408 1161 emendandus
1439 1097 1539 1162 schol.
1567 1096 1612 1162 Pl.
1635 1096 1685 1176 329,

545 1217 604 1302 οὐχ
630 1215 731 1278 ἵστατο
759 1216 813 1276 τοῦ
843 1213 1014 1276 δικαστικυῦ
1045 1210 1080 1293 (l
1108 1214 1163 1274 τοῦ
1193 1212 1333 1276 δικαστοῦ
1358 1231 1384 1274 s.
1406 1214 1474 1275 τῶν
1505 1211 1686 1294 δικαστῶν)δ

547 1325 670 1414 μισθός,
699 1325 776 1388 ἀλλὰ
804 1324 878 1387 κατὰ
907 1325 1009 1409 καιρὸν
1038 1322 1229 1409 μετέβαλλον.
1273 1320 1343 1386 sch.
1379 1320 1478 1407 Vesp.
1516 1321 1610 1407 300·)
1637 1342 1687 1387 cum

544 1437 637 1502 schol.
673 1436 762 1520 Vesp.
797 1434 838 1498 88
871 1435 932 1497 iere
974 1433 1135 1497 consentit.
1186 1431 1255 1497 Sch.
1288 1433 1366 1497 Ven.
1400 1431 1502 1518 Vesp.
1530 1435 1609 1522 684:
1637 1434 1688 1504 otc

543 1555 622 1638 τρεῖς
650 1547 793 1636 δβολυύςε
831 1548 881 1609 τδν
916 1544 1009 1631 φέρον
1043 1539 1139 1628 λέγει,
1173 1544 1228 1631 ἀφ’
1265 1545 1306 1608 ὧν
1336 1543 1390 1628 (οὗ
1419 1544 1501 1629 leg.)
1530 1546 1687 1612 ἐδίδοτοτδ

544 1663 717 1748 τριώβολον.
751 1661 841 1722 τοῦτο
872 1659 905 1722 δὲ
935 1656 1044 1721 ἄλλοτε
1073 1656 1175 1726 ἄλλως
1203 1656 1336 1732 ἐδίδοτο,
1364 1658 1427 1720 τῶν
1454 1659 1689 1744 δηριαγωγώνώ
1728 1731 1729 1740 ¹

545 1774 647 1859 πλήθη
684 1768 925 1844 κολακευόντων,
959 1770 1001 1839 ὥς
1035 1792 1124 1855 φησιν
1151 1767 1360 1855 Ἀριστοτέλης
1395 1769 1427 1833 ἐν
1458 1769 1632 1843 Πολιτείαις
1658 1770 1689 1855 (
1728 1759 1729 1764 ¹

545 1884 665 1965 Fragm.
698 1881 804 1947 histor.
839 1883 943 1944 Gracc.
977 1880 1005 1942 ΙΙ
1044 1902 1073 1964 ρ.
1112 1880 1197 1964 mc).
1250 1879 1307 1942 His
1339 1878 1438 1961 igitur
1474 1880 1690 1949 scholinsurun

544 1994 728 2060 testimoniis
762 2001 793 2056 et
825 1992 968 2077 inprimis
1001 1991 1092 2057 schol.
1129 1990 1207 2055 Ran.
1240 1991 1314 2054 140:
1350 1993 1428 2077 πρὸς
1456 1995 1513 2058 τὸν
1544 1997 1690 2061 δικαστικὸν

545 2108 663 2195 μισθόν,
694 2107 737 2169 ὅτι
770 2106 823 2170 δύο
848 2106 966 2193 ὀβολῶν
996 2107 1044 2192 ἦν,
1073 2108 1123 2170 καὶ
1145 2105 1188 2168 ὅτι
1210 2106 1243 2168 τδ
1268 2105 1438 2168 δικαστικὸν
1467 2108 1631 2196 μισθάριον
1650 2107 1689 2172 tto

546 2222 652 2310 ὀβολοὶ
673 2218 766 2303 ἦσαν·
788 2217 826 2302 ἧν
850 2219 883 2280 δὲ
904 2221 954 2283 καὶ
975 2221 1150 2306 τριώβολον,
1178 2219 1268 2279 τοῦτο
1297 2218 1356 2278 τῶν
1388 2224 1575 2305 στρατηγῶν
1602 2220 1689 2306 (oppu-

544 2329 691 2416 ρωγῶνῗ)
713 2331 872 2400 κολακείας
894 2334 980 2417 χάριν
1004 2329 1233 2416 προστιθέντων.
1266 2327 1314 2391 ἐπὶ
1336 2328 1370 2391 δὲ
1391 2325 1638 2418 Ἀριστοφάνους
1654 2331 1690 2395 ιώ

545 2443 685 2530 δραχμὴν
708 2441 746 2525 ἦν
769 2445 881 2529 λαβεῖν,
910 2447 1065 2526 permotus
1093 2439 1279 2505 Fritzschius
1311 2437 1367 2518 „de
1391 2441 1542 2506 mercede
1570 2442 1689 2508 iudicum

544 2552 627 2639 apud
647 2552 870 2617 Athenienses“
902 2552 1067 2618 triobolum
1093 2558 1130 2616 ut
1157 2550 1327 2617 mercedem
1354 2550 1543 2619 iudicialem
1570 2555 1689 2642 angustis

543 2664 782 2749 circumscripsit
802 2663 964 2729 limitibus.
1008 2666 1052 2730 At
1079 2663 1166 2750 prius
1193 2684 1287 2748 quam
1309 2663 1346 2726 de
1369 2663 1498 2750 reipsa
1521 2667 1688 2734 sententium

541 2778 702 2862 proferam,
725 2777 761 2840 de
785 2776 848 2841 loco
870 2776 1087 2862 Aristophanis
1110 2777 1238 2862 eiusque
1265 2776 1434 2861 interprete
1456 2776 1628 2846 dicendum
1646 2787 1688 2845 est

542 2888 703 2973 Siquidem
737 2890 826 2974 Vesp.
856 2890 914 2969 52,
948 2889 1001 2973 qui
1034 2910 1140 2954 versus
1174 2888 1362 2955 somniorum
1395 2888 1586 2976 interpretes
1617 2893 1689 2959 bino

541 3000 642 3066 obolos
669 3002 839 3066 mercedem
869 3001 1019 3085 accepisse
1047 3001 1134 3065 docet
1160 3002 1210 3085 (cf.
1239 2998 1367 3066 Lobeck.
1397 3001 1555 3089 Aglaopln
1582 3029 1614 3093 p.
1640 3005 1689 3070 253

540 3114 628 3199 not),
652 3115 728 3179 item
750 3115 777 3178 si
792 3115 882 3199 Vesp.
902 3115 982 3177 1189
1005 3114 1196 3199 respicimus,
1219 3114 1273 3197 qui
1295 3113 1370 3177 duos
1392 3113 1497 3178 obolos
1520 3115 1606 3183 ludis
1619 3138 1690 3204 spec-

540 3226 643 3291 tendis
666 3226 780 3291 solutos
803 3247 867 3291 esse
889 3247 952 3290 non
974 3225 1018 3289 ita
1038 3226 1198 3312 perspicue
1220 3226 1315 3290 tradit
1336 3227 1432 3311 (ludit
1453 3227 1543 3294 enim
1564 3230 1690 3295 Comicru

540 3339 632 3417 verbo
657 3340 836 3425 ξυνθεωρεῖν
860 3344 890 3402 et
911 3340 1039 3425 θεωρεῖν
1062 3344 1093 3402 et
1107 3339 1220 3425 Πάρος,
1242 3339 1321 3423 quod
1337 3360 1393 3404 neo
1407 3339 1542 3405 Parium
1556 3342 1690 3428 oppidum

539 3470 596 3513 nec
611 3449 725 3514 Parum
747 3450 883 3514 insulam
898 3472 962 3515 esse
978 3450 1135 3529 contendo,
1158 3450 1212 3513 sed
1226 3471 1242 3513 ο
1258 3454 1362 3538 πάρος,
1386 3451 1569 3538 aliquando,
1592 3475 1691 3521 nomen

540 3561 669 3645 fiotum),
699 3583 753 3625 cur
778 3570 899 3647 poetam
927 3563 1086 3627 credamus
1113 3562 1173 3627 isto
1200 3561 1285 3626 Pluti
1312 3562 1376 3627 loco
1403 3562 1442 3626 de
1471 3564 1601 3632 iudiciis
1623 3566 1692 3650 cogi·

539 3678 749 3758 tumensque,
773 3673 809 3737 de
832 3695 891 3758 quo
914 3675 979 3759 ipso
1002 3675 1117 3757 agitur,
1141 3674 1178 3738 de
1200 3652 1367 3739 nautarum
1388 3676 1554 3741 mercede?
1586 3679 1692 3744 Nautes

541 3784 626 3848 enim
649 3785 785 3871 suspicor
806 3786 1021 3870 intelligendos
1044 3809 1117 3866 esse,
1141 3787 1196 3871 qui
1218 3787 1298 3851 circa
1318 3786 1421 3852 Piraei
1447 3787 1692 3876 reliquorumque

538 3901 684 3982 portuum
710 3896 800 3962 litora
827 3899 1042 3978 versabantur,
1071 3899 1126 3984 qui
1153 3899 1357 3964 Athenienses
1385 3898 1583 3968 Salaminem
1605 3903 1693 3968 eliore

539 4009 743 4074 traiiciebant.
788 4011 923 4087 Quorum
946 4010 1076 4075 naulum
1099 4010 1180 4076 binis
1203 4012 1298 4078 obolis
1319 4011 1502 4094 constitisse,
1527 4021 1561 4080 et
1576 4037 1614 4082 ex
1628 4014 1694 4103 ipsis

607 4250 629 4318 ¹³)
648 4253 786 4321 Phryniehi
803 4268 912 4318 versum,
931 4271 1005 4322 quem
1023 4255 1172 4308 Ducbnerus
1190 4255 1269 4308 edidit
1289 4253 1428 4328 τριώβολον
1452 4254 1511 4309 ὅσον
1536 4256 1693 4332 δπτρνρλιάζο·

539 4358 591 4409 μαι,
610 4338 748 4391 Meinekius
767 4337 836 4391 Com.
855 4338 874 4402 1,
893 4338 1076 4392 subcorrexit:
1095 4340 1242 4413 τριωβόλων
1260 4338 1326 4393 ὅσων
1339 4340 1399 4415 ὑπὲρ
1418 4342 1446 4406 (1.
1458 4338 1532 4415 ὕπερ)
1551 4344 1596 4417 ἡλ.
1624 4345 1694 4398 Friu-

538 4430 623 4481 schius
646 4427 678 4480 de
696 4427 810 4481 mercede
832 4428 944 4481 iudicum
967 4446 992 4498 p.
1010 4431 1027 4482 4
1045 4430 1153 4482 coniecit
1174 4426 1311 4500 τριώβολον
1330 4425 1373 4485 δός
1395 4446 1452 4492 νον,
1476 4425 1537 4502 ὅπερ
1556 4429 1694 4500 ἡλιάζομαι

538 4512 567 4564 ln
585 4512 631 4580 riq.
650 4512 700 4565 797
718 4516 769 4565 est:
786 4510 946 4580 πεντώβολον
965 4509 1129 4584 ἡλιάσασθαι,
1147 4530 1223 4582 quare
1241 4516 1382 4581 praestaret
1398 4514 1542 4568 Hermanni
1562 4514 1693 4589 τριώβολον

538 4594 560 4667 γ’
583 4594 688 4670 ὅσουπερ
707 4597 757 4669 ti,
777 4599 800 4649 si
817 4597 961 4666 scripsisset
978 4598 1091 4673 ὅσονπερ.
1110 4617 1143 4653 an
1160 4599 1306 4674 τριώβολον,
1324 4599 1399 4653 τόσον
1416 4618 1462 4674 περ
1481 4602 1522 4655 vel
1540 4602 1590 4676 γὰρ
1607 4601 1665 4673 ἡλλ
