4484 5467
643 586 688 644 DE
704 583 877 647 IVDIOIBVS
895 589 1155 646 ATHENIENSIVM
1172 585 1353 657 REBVSQVE
1371 590 1600 647 IVDIOIALIBVS
1640 597 1700 660 119

540 761 587 827 Ex
615 762 680 841 his,
704 762 836 857 opinor,
870 761 1010 847 colligas,
1028 763 1163 833 ‚iudices
1198 768 1339 829 strenuos
1367 763 1527 830 festinasse
1555 766 1594 830 ed
1622 773 1701 832 tem·
1828 807 1830 814 ·

540 895 600 959 pus
619 873 741 955 adesse,
762 873 959 959 potissimum
987 875 1020 940 ni
1048 875 1137 942 fallor
1165 874 1287 942 trioboli
1317 896 1424 958 causa,
1453 877 1582 945 maximi
1609 878 1700 946 istius

541 984 726 1051 irritamenti
749 984 943 1052 iudiciorum.
1447 981 1450 985 ’

626 1098 729 1182 Atque
755 1118 847 1163 mane
868 1098 987 1177 adesse,
1010 1099 1064 1184 qui
1084 1098 1252 1164 iudicaturi
1275 1106 1392 1179 essent,
1426 1102 1520 1194 etiam
1540 1110 1701 1190 propterea

540 1229 663 1282 necesse
685 1214 759 1287 erat,
781 1209 862 1295 quod
883 1193 958 1276 satis
980 1210 1114 1276 multum
1134 1211 1280 1296 temporis
1300 1212 1335 1276 in
1357 1213 1518 1290 sortiendis
1539 1214 1699 1281 iudicibus

540 1320 787 1386 consumebatur.
821 1321 918 1387 Immo
940 1342 1063 1387 versum
1087 1325 1146 1386 771
1172 1322 1266 1388 etiarn
1280 1329 1371 1409 etque
1387 1324 1481 1389 etiam
1495 1325 1699 1392 consideranti

539 1431 619 1498 mihi
646 1431 749 1516 ipsum
779 1433 924 1497 sortiendi
955 1434 1112 1516 negotium
1140 1439 1263 1519 tempus
1291 1436 1483 1501 matutinum
1509 1438 1571 1501 iere
1599 1442 1698 1503 totum

539 1562 703 1628 occupasse
725 1543 857 1622 videtur,
880 1552 915 1608 ut
936 1545 1106 1610 meridiano
1129 1545 1253 1610 demum
1280 1552 1416 1632 tempore
1443 1548 1559 1615 iudicia
1586 1551 1698 1615 consti·

537 1654 587 1718 tui
608 1660 743 1739 possent.
780 1654 862 1719 Fieri
885 1656 968 1719 enim
990 1658 1099 1741 potuit,
1121 1663 1158 1721 nt
1180 1656 1292 1741 aliquis
1307 1679 1373 1723 sero
1388 1665 1559 1725 accurreret
1572 1681 1698 1746 sperans

539 1768 603 1831 iore
626 1772 662 1830 ut
683 1767 801 1832 sortitio
824 1766 959 1831 nondum
983 1768 1072 1833 finita
1094 1773 1181 1850 esset,
1205 1768 1349 1855 deceptus
1371 1777 1476 1854 autem
1497 1793 1550 1857 spe
1582 1792 1601 1835 a
1630 1772 1698 1836 thc-

538 1880 693 1944 smotheta
713 1879 934 1944 excluderetur.

628 1990 714 2069 Quod
736 1992 798 2055 fore
821 1995 857 2054 ut
878 1992 958 2076 patri
981 2013 1042 2060 non
1066 1993 1199 2078 amplius
1222 1992 1348 2069 accidat,
1370 1992 1531 2077 Bdelycleo
1546 1995 1699 2079 promittit

538 2124 569 2167 v.
594 2105 670 2167 774:
1581 2091 1584 2096 ’

1129 2214 1183 2279 κᾶν
1209 2213 1285 2299 grac
1312 2216 1525 2303 μεσημβρινός.

748 2327 846 2397 οὐδείς
870 2325 899 2390 c'
925 2328 1096 2391 ἀποκλείσει
1118 2326 1309 2412 θεσμοθέτης
1330 2333 1372 2409 rii
1392 2328 1527 2409 κιγκλίδι.

538 2438 584 2504 At
606 2458 666 2523 quo
688 2436 816 2501 tandem
837 2439 901 2502 ruit
921 2438 1013 2502 turba
1034 2438 1173 2503 iudicum
1195 2434 1306 2502 avide?
1340 2435 1473 2501 Nomina
1494 2438 1620 2522 quidem
1641 2438 1698 2502 ali-

538 2556 615 2636 quot
636 2549 780 2614 novimus
801 2550 1016 2631 tribunalium,
1040 2551 1077 2614 de
1099 2571 1230 2634 quorum
1252 2569 1380 2613 numero
1409 2569 1522 2633 magna
1551 2555 1597 2613 est
1617 2549 1699 2614 inter

538 2661 642 2727 doctos
671 2660 859 2747 disceptatio.
916 2662 1061 2747 Superest
1093 2662 1189 2745 igitur
1221 2667 1258 2725 ut
1290 2660 1328 2725 dc
1351 2662 1464 2744 forma
1495 2660 1699 2724 tribunalium

537 2773 617 2860 quid
638 2793 693 2839 nos
716 2772 858 2838 Comicus
880 2772 994 2852 doceat,
1016 2774 1267 2859 pervestigamus.
1304 2773 1371 2849 Qua
1392 2772 1426 2836 in
1448 2793 1490 2851 re,
1513 2772 1604 2836 utin
1626 2772 1697 2835 reli-

538 2886 620 2972 quis,
641 2884 675 2950 id
696 2884 831 2949 maxime
860 2886 965 2970 cupio,
994 2891 1030 2949 ut
1052 2886 1090 2949 ad
1118 2889 1224 2970 poetae
1251 2883 1345 2947 verba
1372 2868 1553 2967 explicanda
1581 2882 1697 2967 aliquid

538 2996 672 3063 subsidii
694 2996 828 3077 afferam,
852 2996 928 3060 bene
951 3016 1079 3080 gnarus,
1108 2995 1179 3081 plus
1206 3015 1256 3063 me
1283 2992 1416 3057 voluisse
1439 3014 1533 3077 quam
1554 2993 1697 3058 valuisse.

625 3107 831 3174 Nominantur
859 3113 962 3173 autem
990 3108 1028 3172 ab
1050 3107 1255 3193 Aristophane
1287 3111 1389 3192 partes
1410 3102 1614 3167 tribunalium
1635 3105 1697 3167 fere

537 3223 613 3286 hae:
643 3225 671 3285 oi
692 3222 854 3308 δρύφακτον
882 3219 974 3304 Vesp.
1003 3220 1075 3310 830.
1106 3219 1178 3283 386.
1201 3217 1273 3282 552.
1302 3215 1405 3300 Equit.
1434 3214 1513 3293 6753
1541 3217 1561 3298 η
1585 3216 1697 3297 κιρκλίς

537 3333 630 3418 Vesp.
657 3333 727 3396 124.
759 3333 831 3395 775.
865 3331 967 3415 Equit.
998 3332 1074 3407 6413
1103 3334 1133 3395 αἱ
1162 3331 1278 3400 σανίδες
1298 3328 1390 3412 Vosp.
1414 3325 1491 3404 3493
1519 3327 1552 3388 τδ
1576 3331 1695 3411 πρῶτον

541 3446 630 3519 ξύλον
659 3443 750 3529 Vesp.
774 3444 825 3507 90.
853 3442 930 3507 Aah.
955 3443 1011 3521 253
1039 3443 1071 3516 τδ
1096 3446 1182 3530 βῆμα
1203 3439 1315 3505 EccleS.
1339 3438 1417 3516 6783
1447 3438 1482 3502 τὰ
1504 3438 1697 3521 κληρωτήρια

537 3556 620 3622 Eccl.
644 3555 720 3635 6813
750 3558 778 3619 ol
799 3555 936 3619 καδίσκοι
960 3554 1048 3638 Vesp.
1073 3554 1145 3617 321.
1169 3552 1242 3618 853.
1272 3551 1350 3630 854;
1379 3553 1398 3634 ἡ
1429 3549 1581 3635 κλεψύδρα
1604 3548 1696 3632 Vesp.

539 3668 592 3732 93.
621 3666 693 3732 857.
721 3666 800 3731 Ach.
830 3666 901 3729 694.
931 3665 1003 3749 (Αν.
1035 3665 1146 3747 1695),
1186 3665 1219 3728 τὸ
1248 3667 1302 3728 τού
1332 3662 1433 3727 Λύκου
1463 3665 1566 3747 ἡρῷον
1606 3661 1697 3745 Vesp.

539 3780 613 3845 389.
637 3778 709 3843 819.

625 3888 707 3953 VIII.
753 3887 795 3955 Οἱ
819 3889 1046 3976 δρύφακτοι,
1069 3887 1206 3965 cancelli,
1228 3887 1274 3951 ita
1295 3908 1314 3951 a
1334 3886 1427 3950 schol.
1448 3884 1640 3970 explicantur
1659 3884 1697 3947 ad

539 4024 570 4066 v.
595 4001 671 4066 386:
694 4002 857 4087 δρύφακτον
879 4001 935 4086 γὰρ
961 4000 1071 4073 ξύλινοι
1094 3999 1241 4085 θώρακες,
1262 4000 1299 4063 τὰ
1321 4000 1541 4084 διαφράγματος
1564 3998 1634 4079 ῆτὰ
1650 4019 1696 4058 τε·

541 4113 756 4201 ριτειχίσματα,
778 4114 798 4198 ἦ
814 4113 970 4197 κιγκλίδες,
992 4114 1222 4198 περιφράγματα
1236 4111 1272 4174 τὰ
1294 4113 1345 4173 νῦν
1361 4109 1500 4197 ταβλωτδι
1514 4108 1697 4191 καλούμενα,

539 4228 576 4291 τὰ
598 4228 658 4290 τῶν
683 4227 937 4310 οἰκοδομημάτων
960 4224 1103 4311 ἐξέχοντα
1128 4223 1209 4296 ξύλα.
1253 4221 1385 4285 ἐνταῦθα
1408 4220 1495 4283 δὲτὰ
1516 4220 1698 4305 ταβλώμοιτοι

538 4341 595 4401 τοῦ
620 4336 821 4421 δικαστηρίου,
844 4335 947 4400 διὰτὸ
970 4337 1004 4399 ἐκ
1028 4335 1166 4399 σανίδων,
1180 4335 1230 4397 καὶ
1254 4332 1351 4406 ξύλων
1374 4334 1434 4394 τῶν
1457 4331 1492 4393 ἐκ
1514 4328 1604 4414 δρυὸς
1621 4328 1697 4390 εἶναι

540 4448 812 4532 κατεσκευασμένα.
848 4448 925 4531 λεήει
949 4447 982 4511 δὲ
1005 4447 1065 4510 ἀπὸ
1090 4446 1201 4532 μέρους
1223 4444 1255 4507 τὸ
1280 4443 1480 4526 δικαστήριον.
1524 4438 1561 4501 ln
1583 4438 1640 4517 hia,
1663 4446 1699 4501 ut

539 4560 660 4645 reliqua
681 4563 814 4636 taceam,
842 4558 942 4629 multa
969 4562 1042 4626 sunt
1064 4555 1201 4626 admixta
1222 4555 1338 4631 aliena,
1368 4558 1403 4617 ut
1430 4534 1635 4635 ἣκιηκλίδες,
1663 4552 1698 4615 τὰ
