4484 5467
544 605 604 668 loa
926 598 1117 653 roouaoou.
1153 597 1319 652 1111111

541 774 660 839 tribum
682 773 747 855 alii,
770 791 848 856 quae
872 770 989 835 idoneis
1012 769 1087 834 viris
1108 775 1227 852 egeret,
1249 768 1463 853 suppeditasse
1485 770 1634 835 credibile
1651 779 1693 835 11.

542 886 629 949 Hanc
657 884 753 967 igitur
781 881 929 948 sortiendi
956 881 1122 964 rationem,
1146 902 1208 966 que
1229 900 1376 946 numerus
1398 881 1546 947 iudicum
1569 884 1695 950 omnibus

542 998 633 1062 rebus
654 994 792 1080 aequalis
812 993 900 1058 fieret
921 999 952 1057 ct
973 1015 1038 1079 par,
1061 992 1162 1077 qualis
1183 992 1291 1071 fuerit,
1320 1013 1382 1058 non
1404 993 1550 1079 expedio.
1595 996 1695 1061 Verum

541 1114 647 1172 tamen
668 1107 808 1172 iudicum
828 1105 903 1169 satis
925 1126 1079 1189 magnam,
1101 1105 1227 1169 fortasse
1250 1104 1418 1168 maximam
1433 1110 1565 1191 partem
1579 1127 1597 1172 e
1610 1107 1698 1192 quarti

541 1219 658 1283 ordinis
685 1223 745 1284 τῶν
775 1218 878 1303 θητῶν
908 1216 983 1281 viris
1011 1215 1184 1282 constitisse
1210 1215 1260 1281 vel
1287 1237 1325 1281 ex
1347 1217 1534 1301 Thucydide
1556 1219 1580 1283 l.
1602 1218 1623 1283 1
1649 1218 1698 1284 111-

541 1331 630 1414 liges.
686 1330 746 1408 Qui
779 1348 851 1393 vero
883 1351 900 1391 e
932 1328 1086 1393 iudicibus
1118 1349 1267 1414 pauperos
1299 1328 1429 1407 fuerint,
1464 1336 1503 1395 ut
1537 1331 1698 1417 Vesperun

542 1442 669 1521 chorus,
692 1464 742 1507 eos
764 1462 869 1506 omnes
891 1440 1096 1504 Athenienses
1117 1440 1212 1504 fuisse
1234 1460 1333 1523 neque
1355 1440 1498 1507 Athones
1521 1442 1699 1508 iudiciorum

543 1575 636 1619 causa
663 1555 811 1638 migrasse
839 1558 973 1637 apparet
1025 1552 1093 1633 An,
1125 1551 1218 1617 liceat
1250 1551 1382 1635 deniquo
1415 1552 1498 1618 mihi
1528 1554 1629 1620 etiam
1654 1556 1700 1620 hoe

542 1685 719 1750 proponere,
742 1665 901 1730 archontes
922 1667 1046 1741 tantum
1068 1683 1105 1726 ex
1120 1663 1362 1745 Atheniensibus
1376 1662 1496 1729 iudices
1518 1668 1602 1733 κατὰ
1615 1668 1700 1755 φυλὰς

543 1777 564 1839 1.
588 1798 613 1840 1.
647 1777 687 1841 ad
707 1776 848 1841 tribuum
869 1794 1033 1839 numerum
1065 1773 1292 1839 sortiebantur?
1328 1780 1364 1840 ut
1395 1775 1514 1859 singuli
1549 1779 1700 1844 archontes

543 1905 687 1952 sescenos
718 1887 916 1965 sortirentur,
938 1885 1055 1950 sedicet
1077 1886 1246 1970 quingenos
1268 1886 1308 1951 ed
1329 1892 1507 1952 senatorum
1530 1911 1699 1973 numerum,

544 2011 686 2070 centenos
709 1998 916 2084 supplementi
938 2018 1045 2080 cause,
1068 2019 1140 2063 cum
1161 1986 1392 2081 multiessent,
1419 2000 1478 2083 qui
1497 2001 1621 2067 frustra
1641 2023 1700 2069 ero·

543 2111 705 2181 carentur?
739 2110 956 2198 Respondeant
976 2110 1136 2174 acutiores.
1181 2109 1264 2174 Illud
1291 2109 1401 2175 saitem
1428 2133 1484 2197 pro
1512 2120 1601 2180 certo
1623 2115 1701 2179 debet

542 2226 664 2305 haberi,
687 2223 804 2289 iudices
826 2223 910 2301 illos,
932 2221 987 2307 qui
1008 2222 1046 2286 ab
1068 2221 1274 2307 Aristophane
1296 2223 1466 2288 sexcenties
1489 2227 1700 2311 perstringun-

541 2345 603 2419 tur,
627 2343 658 2401 et
678 2336 882 2400 Athenienses
904 2334 998 2399 fuisse
1020 2339 1052 2398 et
1073 2355 1161 2399 senes
1183 2335 1342 2419 1111ῆτας.
1387 2335 1444 2399 Cui
1467 2356 1532 2401 non
1557 2344 1702 2424 repugnat

543 2450 705 2515 notissime
732 2447 787 2510 illa
815 2445 973 2510 Plutarchi
1002 2446 1039 2509 de
1067 2444 1205 2509 Aristide
1233 2446 1418 2510 inexilium
1439 2447 1538 2513 misso
1562 2450 1700 2528 narratio,

543 2562 596 2626 Ar.
630 2581 655 2623 c.
685 2559 743 2622 VII
775 2580 805 2643 p.
829 2558 901 2622 322.
949 2558 995 2620 De
1027 2557 1154 2641 rehquis
1187 2557 1277 2622 adeas
1310 2558 1463 2641 egregiam
1497 2558 1702 2627 Schoemunni

543 2670 830 2738 commentationem
858 2668 895 2732 de
916 2668 1008 2734 schol.
1031 2669 1118 2733 Plut.
1137 2670 1198 2733 227
1222 2670 1243 2733 1.
1265 2669 1296 2751 1.,
1319 2669 1396 2736 item
1416 2670 1613 2739 Fritzchium
1633 2672 1701 2751 11,

542 2788 579 2847 ut
600 2781 822 2866 antiquitatum
844 2780 1005 2866 scriptores
1026 2780 1082 2845 hoc
1103 2780 1168 2846 loco
1191 2781 1341 2846 omittam.

626 2894 678 2957 VI.
712 2894 757 2957 De
770 2894 858 2975 soris
881 2894 1137 2957 siracusanum
1164 2892 1327 2977 peculiaris
1354 2901 1456 2959 exstat
1483 2898 1700 2966 commentatio

541 3005 761 3072 Schoemanni:
788 3003 970 3090 ,Appendix
992 3004 1029 3069 de
1051 3003 1239 3069 dicasteriis“
1263 3005 1298 3071 in
1321 3004 1377 3091 Op.
1398 3006 1483 3071 acad.
1504 3007 1520 3071 I
1545 3032 1579 3096 p.
1597 3012 1701 3077 220-

542 3118 614 3184 230.
658 3118 770 3184 Novies
797 3117 832 3190 in
860 3115 973 3194 fabulis
995 3115 1110 3180 Comici
1132 3117 1365 3202 superstitibus,
1386 3118 1421 3183 in
1443 3118 1555 3205 Vespis
1578 3123 1701 3205 scilicet,

539 3229 719 3315 Equitibus,
748 3227 1085 3313 Thesmophoriczusis,
1114 3226 1348 3311 Ecclesiazusis,
1377 3228 1509 3314 legimus
1531 3254 1650 3300 nomen
1670 3236 1701 3300 11

540 3345 746 3429 trancriptum
775 3362 810 3405 11
832 3346 879 3404 111
901 3339 1027 3424 quidem
1048 3360 1083 3404 eo
1105 3361 1213 3422 sensu,
1242 3345 1278 3405 ut
1304 3342 1346 3406 sit
1367 3350 1537 3409 conventus
1560 3345 1699 3412 iudicum

539 3454 630 3539 Vesp.
654 3452 726 3517 595.
750 3452 821 3515 624.
845 3451 968 3515 Thesm.
992 3454 1048 3531 783
1069 3458 1117 3516 ter
1138 3471 1210 3517 vero
1231 3458 1268 3517 ut
1289 3454 1479 3537 significetur
1509 3455 1598 3524 locus
1620 3459 1699 3537 iudi·

539 3563 657 3628 ciorum
677 3563 768 3647 Vesp.
792 3562 863 3627 804.
886 3563 941 3647 Eq.
967 3565 1058 3627 1317.
1081 3563 1162 3628 Eccl.
1186 3565 1496 3651 oratoremque,
1519 3573 1557 3632 ut
1579 3576 1700 3636 utrum·

539 3695 599 3759 que
632 3673 728 3759 possit
761 3673 921 3738 subaudiri
950 3673 1040 3759 Vesp.
1071 3675 1143 3739 304.
1170 3675 1226 3758 Eq.
1256 3677 1327 3741 301.
1355 3677 1434 3743 Ε111.
1464 3681 1538 3745 460.
1584 3682 1701 3747 Pariter

541 3784 650 3850 Thom.
674 3784 755 3868 Mag.
778 3807 808 3870 p.
832 3787 872 3851 86
896 3785 942 3849 ed.
965 3785 1110 3851 Rident:
1135 3790 1324 3874 δικαστήριον
1342 3787 1397 3853 tot
1420 3790 1437 3853 ὁ
1459 3788 1552 3863 τόπος
1574 3794 1607 3860 ἐν
1632 3790 1701 3883 qiud

540 3897 619 3962 δίκαι
636 3900 790 3963 rehaberet
808 3899 857 3964 καὶ
875 3898 961 3962 αὐτοὶ
980 3900 1007 3962 oi
1028 3902 1197 3973 δικάζοντες
1217 3901 1267 3964 καὶ
1283 3900 1299 3962 ὁ
1314 3906 1370 3990 τῆς
1384 3899 1503 3972 πόλεως
1518 3901 1626 3991 ἅρχων
1641 3912 1700 3974 κτλ,

538 4007 642 4074 Etiam
663 4006 740 4073 alias
761 4008 999 4091 significationes
1021 4032 1050 4074 ν.
1073 4032 1122 4095 ap.
1146 4009 1250 4095 Steph.
1274 4032 1299 4075 s.
1321 4032 1351 4074 v.
1395 4012 1558 4078 Praeterea
1580 4017 1702 4102 singula

537 4118 708 4185 tribunalia
735 4120 814 4204 (sive
836 4121 900 4185 fora
922 4120 987 4185 sive
1009 4120 1172 4187 dicasterie
1199 4160 1240 4169 -
1269 4101 1440 4208 promiscue
1467 4125 1553 4190 enim
1574 4128 1627 4195 his
1648 4151 1701 4196 no-

538 4231 675 4298 minibus
697 4233 780 4317 utor)
802 4252 864 4297 non
887 4231 989 4297 addito
1011 4234 1135 4298 nomine
1159 4237 1349 4321 &reaccipies
1372 4243 1585 4303 memorantur
1610 4242 1699 4329 Vesp.

541 4344 611 4408 120.
637 4344 729 4410 1103.
751 4343 831 4409 11111.
856 4344 1044 4408 616-686.
1086 4345 1129 4411 Ἡ
1151 4348 1255 4430 ἡλιαία
1278 4348 1371 4412 semel
1393 4348 1526 4413 occurrit
1547 4350 1606 4436 Eq.
1622 4354 1700 4435 8973

537 4454 613 4520 item
640 4455 756 4542 iudices
784 4455 881 4520 multo
914 4456 1036 4541 saepius
1068 4463 1217 4523 vocantur
1250 4462 1384 4525 δικασταὶ
1418 4481 1512 4544 quam
1546 4465 1699 4548 ἡλιασταί,

538 4565 632 4630 etiam
660 4568 782 4654 saepius
811 4570 938 4642 δικάζειν
968 4589 1062 4652 quem
1092 4572 1225 4655 ἡλιάζειν
1248 4575 1279 4635 11
1301 4574 1480 4657 thurificetur
1502 4584 1698 4662 usurpatum.
