4484 5467
414 339 469 700 l
968 646 1164 707 ΣΦΗΚΕΣ

500 818 551 882 530
646 824 717 911 ἀτὰρ
740 827 832 921 φανεῖ
852 823 939 895 ποῖός
961 848 1004 895 τις
1026 824 1078 902 ὥν,
1100 825 1137 909 ἣν
1160 828 1253 890 ταῦτα
1276 827 1484 913 ταρακελεόγγ;

1001 949 1124 1009 ΧΟΡΟΣ.

780 1051 821 1135 μὴ
846 1049 922 1115 κατὰ
944 1052 995 1115 τὸν
1018 1051 1136 1115 νεανίαν

777 1160 863 1227 τόνδε
886 1161 992 1246 λέγειν.
1026 1162 1097 1247 ὁρᾷς
1119 1163 1176 1247 γὰρ
1199 1164 1241 1231 ὡς

779 1272 945 1358 ool-pepo<
967 1273 1043 1337 ἐστὶν
1067 1275 1148 1356 ἀγὼν
1172 1278 1224 1337 νῦν

777 1387 827 1450 καὶ
849 1387 916 1470 περὶ
936 1387 1168 1461 τῶνὰπάντων,

775 1495 867 1583 εἴπερ,
889 1496 905 1560 ὃ
931 1498 971 1582 μὴ
993 1496 1121 1581 γένοιθ’,
1146 1495 1194 1561 οὖ·

776 1607 827 1679 τός
849 1608 876 1672 σ’
905 1608 1002 1673 ἐθέλει
1024 1613 1181 1694 κρατῆσαι.

943 1732 1181 1790 ΒΔΕΛΥΚΛΕΩΝ.

639 1835 689 1900 καὶ
713 1834 773 1920 μὴν
798 1830 846 1896 ὅτ’
872 1831 906 1896 ἄν
930 1832 1002 1917 λέξῃ
1026 1830 1056 1916 γ’
1075 1833 1179 1914 ἁιτλῶς
1204 1829 1380 1916 μνημόσυνα
1402 1836 1558 1920 γράψομαι
1577 1836 1641 1921 ‘pt

961 1954 1169 2013 ΦΙΛΟΚΛΕΩΝ.

601 2142 603 2146 Ι
638 2059 668 2122 τί
687 2057 744 2143 γὰρ
768 2055 844 2144 φάθ’
870 2056 961 2143 ὑμεῖς,
983 2056 1019 2140 ἣν
1044 2056 1090 2119 ὁδί
1114 2079 1151 2140 με
1172 2062 1217 2141 τῷ
1239 2053 1321 2141 λόγῳ
1342 2056 1498 2142 apartium

462 2282 514 2333 V·
541 2291 613 2353 530.
648 2298 735 2367 ungo
758 2296 831 2351 chon
852 2299 891 2350 est
913 2300 990 2364 atque
1011 2295 1048 2348 na
1069 2295 1175 2348 Person.
1220 2294 1252 2349 o.
1268 2294 1356 2348 Herm.
1378 2294 1417 2349 m.
1441 2295 1465 2351 n
1488 2313 1522 2351 m.
1539 2314 1564 2365 p.
1589 2296 1639 2351 315

534 2373 708 2436 Philocleoni
725 2380 809 2446 dedit,
831 2379 865 2433 id.
884 2380 916 2432 ad
938 2380 1005 2433 Nub.
1024 2378 1074 2432 759
1096 2380 1260 2448 Bdelyoleoni
1284 2382 1448 2434 continuavit.
1482 2383 1642 2451 Receperunt

533 2460 626 2524 Dind.
643 2470 672 2522 iu
688 2468 758 2522 uotis
773 2468 800 2519 et
816 2466 842 2519 in
859 2466 939 2519 Paris.
956 2465 1082 2533 Hirsohig.
1100 2464 1192 2533 Bergk.

466 2540 517 2593 *-
544 2550 613 2606 ειν.
649 2550 728 2622 λέγειν
752 2549 784 2605 n.
801 2549 833 2603 v.
851 2550 936 2618 vulgo.
964 2548 1044 2619 rem
1067 2549 1193 2619 unscmg.
1215 2551 1247 2604 ιι.
1269 2552 1355 2607 norm.
1379 2552 1416 2607 m.
1435 2553 1461 2606 a.
1477 2570 1512 2608 m.
1533 2571 1559 2622 p.
1582 2552 1640 2608 ees.

537 2660 584 2675 —
600 2634 675 2691 τόνδε
692 2634 777 2703 vulgo.
795 2632 863 2687 τονδὶ
880 2632 963 2686 Bentl.
980 2633 1055 2686 Dind.
1073 2634 1099 2685 in
1116 2639 1168 2689 not.
1187 2639 1212 2689 et
1229 2637 1310 2691 Paris.
1510 2666 1513 2672 ·

468 2713 515 2765 ‘³—
540 2722 610 2778 533.
645 2722 700 2776 ἔστ’
728 2720 797 2791 ἀγών
825 2722 856 2773 R.
880 2721 911 2774 V.
930 2722 1014 2788 vulgo.
1044 2720 1108 2773 ἐστὶν
1131 2720 1200 2790 ἀγὼν
1228 2721 1296 2777 Crat.
1315 2724 1380 2779 lunt.
1406 2724 1482 2779 1540.
1500 2725 1570 2795 ἀγὼν
1594 2730 1639 2778 νῦν

540 2805 660 2863 Bentlei.
673 2808 779 2860 Person.
798 2804 862 2857 ἐστὶν
876 2804 945 2875 ἁγὼν
957 2806 1097 2859 Dobraeus.
1115 2806 1190 2860 Dind.
1209 2808 1335 2877 Hirsohig.
1352 2811 1448 2864 Versus
1467 2810 1517 2864 638
1534 2810 1641 2884 ηὐξανό-

541 2912 601 2970 μην
627 2893 730 2949 dautem
755 2895 841 2945 tuetur
863 2892 1073 2945 emendationem.
1104 2892 1230 2961 Bergkius
1252 2893 1317 2947 ἐστὶν
1341 2895 1410 2966 ἁγών
1429 2897 1558 2965 vulgatam
1577 2914 1640 2950 nun-

545 2983 671 3054 cuparit,
697 2979 766 3048 quod
789 2979 891 3048 saepius
913 2980 940 3031 in
962 2982 1047 3032 annot.
1070 2979 1125 3030 orit.
1149 2978 1224 3031 simili
1245 2980 1320 3031 modo
1344 2980 1411 3033 feeit.
1431 2982 1504 3035 ·Vid.
1528 2981 1640 3037 Elmslei.

542 3068 612 3122 (led.
630 3066 718 3121 Colon.
735 3065 794 3119 240.

482 3152 528 3199 V·
552 3153 614 3209 536.
649 3154 745 3223 γένοιτο
771 3154 831 3216 νῦν,
857 3147 929 3211 οὗτος
956 3148 1036 3204 ἐθέλει
1064 3153 1094 3204 R.
1116 3151 1149 3204 V.
1175 3151 1260 3221 uulgo,
1286 3151 1378 3221 Bergk.
1400 3149 1495 3223 γένοιθ’
1519 3153 1593 3213 οὗτός
1611 3154 1638 3207 σ’

545 3239 634 3296 Bentl.
664 3239 771 3293 Porsen.
800 3254 882 3307 recep.
911 3237 986 3291 Dind.
1012 3238 1152 3306 llirsehig.,
1181 3238 1326 3307 postulante
1352 3239 1534 3308 antistrophioo
1563 3239 1639 3299 αὐτὸς

542 3324 620 3388 ἔδοξα
637 3325 729 3398 νήσοις.

487 3414 529 3462 V·
549 3413 611 3469 538.
646 3409 807 3486 γράψομάγὼ
825 3409 894 3464 Dan.
912 3409 983 3464 Miso.
995 3427 1020 3479 p.
1034 3408 1091 3465 lte.
1110 3411 1226 3485 ppupop’
1246 3410 1296 3482 ἐγὼ
1314 3411 1345 3465 R.
1357 3411 1389 3466 V.
1408 3410 1493 3480 vulgo.
1510 3412 1639 3484 γράψομαι

544 3500 596 3573 ’γὼ
612 3491 650 3554 11.
670 3497 730 3554 Chr.
747 3498 822 3551 Kust.
839 3498 894 3550 rell.

438 3685 544 3755 τινὸς
564 3697 643 3764 ὄντος,
662 3694 725 3751 ὅπου
738 3695 771 3748 τὰ
782 3693 909 3767 κεφάλαια
921 3700 973 3748 τῶν
986 3692 1033 3749 ὑπὸ
1083 3698 1168 3752 tinuat
1185 3697 1396 3763 cohortationem,
1416 3700 1446 3751 ut
1463 3701 1533 3752 arete
1550 3696 1640 3751 cohae-

443 3772 515 3854 Ἔθῧ
552 3783 649 3858 purple
676 3782 821 3853 λεγομένων
855 3781 1034 3853 ἀναγέγραπται
1084 3787 1157 3837 reant
1174 3783 1244 3845 ὅπως
1263 3785 1368 3857 φανήσει
1387 3784 1423 3856 μὴ
1441 3785 1508 3837 κατὰ
1526 3784 1569 3837 τὸν
1583 3804 1638 3839 νεα·

449 3855 559 3922 ¹¹¹1mu
574 3870 612 3925 δεῖ
627 3864 824 3944 ἀναγράφεσθαι.
1084 3871 1139 3924 νίαν
1165 3870 1239 3924 τόνδε
1264 3869 1355 3941 λέγεινι
1383 3870 1414 3923 de
1440 3871 1532 3940 quibus
1560 3872 1638 3925 sohel.

526 3967 558 4011 u.
579 3956 636 4012 530.
679 3954 817 4023 Bdely-oleo
843 3953 948 4007 chorum
975 3953 1035 4007 allo·
1084 3957 1149 4015 τινὲς
1165 3961 1240 4011 τοῦτο
1257 3955 1320 4030 πρὸς
1331 3956 1364 4009 τὰ
1376 3956 1430 4009 ἄνω
1448 3956 1500 4021 (ὅτ.
1513 3956 1592 4029 φιν).
1605 3987 1639 3994 -

463 4030 581 4109 tluitur,
597 4043 641 4113 qui
657 4057 745 4097 senem
762 4040 913 4092 incitaturus
931 4039 963 4091 aul
982 4055 1035 4093 cer-
1084 4044 1123 4096 De
1140 4037 1212 4102 τοῖός
1228 4062 1273 4107 τις,
1291 4042 1359 4111 quod
1370 4058 1446 4110 saepe
1458 4045 1575 4109 occurrit,
1588 4044 1638 4097 vid.

466 4106 569 4181 tillneu
584 4132 630 4183 est.
666 4127 762 4182 Sensus
780 4129 831 4178 est:
849 4125 907 4179 Non
925 4125 997 4179 deoet
1009 4129 1034 4180 te
1085 4129 1156 4183 Pors.
1174 4130 1257 4198 Equit.
1277 4129 1351 4183 1318.

475 4200 562 4266 ”llam
581 4215 660 4284 magis
677 4213 817 4283 impellere.
853 4210 939 4275 Qualis
957 4212 1036 4281 igitur
1136 4232 1160 4269 ν.
1178 4214 1236 4268 531.
1272 4216 1322 4287 μήτ
1340 4215 1420 4270 sohol.
1437 4214 1504 4269 ἀλλὰ
1521 4212 1638 4287 δηλονότι

482 4287 535 4343 e¹1⁸
555 4304 596 4353 aut
610 4300 737 4356 videberis
754 4297 870 4352 omnibus
888 4312 952 4362 esso,
970 4300 992 4351 si
1004 4298 1037 4351 ad
1085 4299 1323 4374 πραγματικώτερον
1342 4301 1419 4355 αὐτοῦ
1437 4302 1480 4354 aul
1498 4301 1603 4370 βέλτιον.

484 4363 550 4433 haec
573 4402 627 4441 eum
652 4383 846 4441 cohortaberis?
885 4383 926 4437 Ad
955 4389 1035 4437 ταῦτα
1136 4404 1159 4441 ν.
1178 4386 1236 4441 538.
1264 4386 1345 4441 Choro
1357 4388 1470 4441 sodalem
1482 4386 1637 4453 cohortante,

492 4465 556 4520 uota
572 4473 645 4528 sehol.
665 4472 699 4526 τὰ
720 4471 839 4544 περὶτοῦ
859 4468 908 4523 δεῖν
928 4470 957 4524 ἐκ
974 4490 1036 4524 παν·
1085 4471 1234 4541 Bdelyole0‚
1257 4474 1299 4526 oui
1316 4473 1420 4526 allatum
1437 4477 1488 4538 est,
1507 4473 1575 4541 quod
1591 4474 1637 4525 im·

496 4539 534 4605 lle
555 4551 662 4622 δικάζειν.
701 4558 799 4613 Chorus
826 4560 924 4622 tamen,
951 4574 1037 4626 quam·
1085 4563 1229 4628 perureret,
1258 4559 1343 4613 omnia
1367 4562 1442 4626 parat
1467 4558 1500 4611 ad
1525 4560 1638 4613 notanda

501 4643 748 4717 monumentis
761 4640 965 4711 aBdelyoleone,
978 4658 1036 4697 oon·
1085 4646 1229 4700 summatim
1249 4643 1348 4714 (ἁπλῶς
1360 4644 1438 4697 schol.
1456 4644 1488 4698 ml
1500 4645 1626 4719 arpellum
