4484 5467
543 612 584 676 98
679 661 682 665 .
924 608 1117 663 Puouuoou.
1153 607 1266 665 GAPV'l'
1282 607 1319 661 iv

544 783 593 847 oui
615 780 789 847 lamentans
810 786 897 865 pater
918 801 947 844 v.
970 781 1046 845 303:

698 895 819 959 ἀπαπαῖ
838 896 906 979 φεῦ,
929 893 1049 957 ἀπαπαῖ
1068 898 1137 979 φεῦ,
1174 896 1176 899 ’

699 1007 741 1091 μὰ
761 1004 809 1070 Δί’
834 1003 890 1068 oda
913 1002 1013 1089 ἔγωγε
1034 1011 1095 1089 νῷν
1119 1002 1182 1068 οἶδ’

697 1116 808 1182 δπάδεν
830 1139 866 1200 ηε
887 1118 1005 1181 δεῖπνον
1030 1114 1124 1179 ἔσται.
1667 1175 1677 1186 ,,

541 1231 602 1294 cu.
624 1227 706 1293 Eoei.
728 1230 794 1293 460
819 1232 865 1304 et,
891 1232 929 1290 ut
957 1247 1056 1290 unum
1078 1246 1116 1290 ex
1138 1225 1307 1290 oratoribus
1327 1224 1504 1304 nominem,
1534 1218 1699 1305 Isocraten,

542 1342 596 1426 qui
624 1339 661 1403 de
689 1360 765 1425 paee
792 1360 822 1424 p.
846 1338 924 1401 185:
951 1336 1023 1408 τοὺς
1050 1337 1110 1401 ἀπὸ
1132 1342 1193 1403 τῶν
1217 1339 1415 1423 δικαστηρίων
1444 1342 1569 1412 ζῶντας
1592 1339 1642 1402 καί
1661 1337 1699 1401 διδ

540 1456 595 1538 τὴν
620 1451 737 1517 ἔνδειαν
760 1451 818 1513 δπδ
839 1456 904 1521 τοῖς
926 1453 1127 1536 δημαγωγοῖς·
1145 1449 1396 1535 ἠναγκασμένους
1417 1449 1509 1531 εἶναι,
1533 1447 1699 1534 opulentio-

541 1563 628 1627 ribus
650 1561 786 1646 opponit.
828 1561 872 1624 At
893 1581 953 1645 quo
975 1561 1144 1643 egentiores
1166 1580 1201 1626 eo
1223 1561 1321 1643 magis
1343 1561 1429 1625 avari
1450 1566 1545 1640 sunt,
1577 1560 1699 1625 caedunt

542 1693 662 1759 pueros,
685 1672 741 1756 qui
762 1671 874 1754 digitos
895 1670 960 1736 oleo
981 1671 1207 1763 madefecerint,
1230 1694 1260 1737 v.
1283 1672 1361 1735 252:

698 1785 734 1848 οδ
756 1784 814 1870 γὰρ
836 1786 935 1848 δάκνει
960 1782 1001 1862 ε’,
1025 1784 1093 1849 ὅταν
1118 1785 1172 1869 δέη
1195 1785 1293 1870 τίμιον
1315 1784 1478 1870 πρίασδαιι

544 1897 624 1963 vitae
646 1895 806 1979 vietusque
828 1894 1009 1973 avidissimi,
1030 1896 1136 1981 itaque
1158 1916 1188 1960 v.
1213 1896 1312 1959 1112:

684 2006 732 2077 ἔς
753 2030 785 2071 τε
806 2007 860 2090 τὴν
884 2006 977 2093 ἄλλην
1002 2008 1114 2074 δίαιταν
1138 2010 1229 2094 ἐσμεν
1253 2007 1467 2094 εὐπορώτατοι,

540 2121 645 2205 itaque
667 2118 704 2182 de
726 2138 759 2183 se
780 2117 958 2204 praedicant
978 2119 1131 2183 ν.1113;

695 2232 868 2317 πάνταγὰρ
890 2236 1052 2317 κεντοῦμεν
1076 2231 1171 2317 ἄνδρα
1193 2232 1415 2316 κάκπορίζομεν
1440 2232 1518 2319 βίον.

540 2343 621 2408 Eum
642 2342 789 2425 denique,
817 2341 872 2425 qui
894 2341 1008 2407 iudicia
1028 2343 1096 2407 fieri
1117 2341 1271 2427 prohibet,
1300 2342 1348 2405 ἐπὶ
1369 2343 1522 2427 τυραννίδι
1552 2342 1588 2407 id
1609 2345 1691 2408 focem

541 2454 676 2518 alemant
696 2473 726 2517 ν.
748 2453 826 2517 4δδε

695 2564 755 2653 ἄρα
776 2563 846 2649 δῆτ’
870 2565 927 2631 οὐκ
949 2566 1023 2630 αὐτὰ
1047 2569 1127 2651 δῆλα

694 2681 760 2748 τοῖς
782 2677 915 2763 πένησιν,
937 2680 957 2763 ἡ
981 2680 1116 2764 τυραννὶς

613 2822 615 2825 >
696 2790 737 2859 ὡς
758 2790 858 2875 λάθρα
879 2787 910 2874 η’
934 2788 1081 2878 ἐλάμβαν’
1106 2790 1238 2853 ὑπιοῦσά
1262 2809 1314 2875 με;

540 2898 621 2975 Quin
649 2898 743 2964 etiem
771 2900 1018 2985 eBdelyoleonis
1040 2900 1156 2979 verbis,
1184 2899 1239 2984 qui
1265 2900 1348 2984 petri
1368 2898 1534 2984 penuriam
1561 2899 1704 2966 iudicum.

539 3009 616 3075 vitio
637 3016 729 3096 atque
752 3012 911 3098 opprobrio
932 3012 986 3076 dat
1006 3032 1036 3075 v.
1060 3011 1139 3076 703:
1169 3012 1327 3099 βούλονται
1349 3013 1407 3098 γάρ
1436 3035 1470 3075 σε
1491 3011 1602 3098 πένητ’
1624 3012 1688 3077 εἶναι

539 3127 601 3187 κτλ.
624 3144 782 3210 pauperes,
804 3131 841 3188 ut
862 3123 1103 3208 frequentissimi
1125 3122 1288 3205 adfuerint,
1310 3123 1357 3187 ita
1376 3122 1576 3207 potissimum
1590 3123 1689 3189 eleetos

539 3255 604 3299 esse
626 3236 760 3320 colligas.
803 3232 931 3300 Aristot.
959 3234 1023 3300 Pol.
1037 3229 1096 3313 TV,
1120 3235 1150 3313 5,
1174 3235 1193 3297 5
1216 3232 1278 3298 St:
1306 3237 1355 3300 καὶ
1379 3237 1508 3320 μάλιστα
1530 3222 1566 3299 δὲ
1590 3236 1689 3323 σχολά-

540 3352 583 3420 ζει
612 3348 645 3411 τδ
667 3353 805 3412 τοιοῦτον
835 3347 969 3431 πλῆθος·
998 3348 1034 3412 οδ
1063 3348 1119 3434 ηδρ
1149 3347 1304 3432 ἐμποδίζει
1333 3346 1445 3416 αὐτοὺς
1474 3344 1569 3411 οὐδὲν
1593 3350 1688 3433 ἡτῶν

539 3459 622 3524 ἰδίων
645 3460 817 3545 ἐπιμέλεια,
844 3458 916 3528 τοδς
938 3459 971 3522 δὲ
993 3459 1158 3529 πλουσίους
1184 3459 1355 3544 ἐμποδίζει,
1383 3458 1462 3522 ὥστε
1489 3460 1639 3530 πολλάκις
1659 3458 1692 3522 οδ·

538 3574 719 3635 κοινωνοῦσι
745 3576 800 3656 τῆς
829 3570 989 3655 ἐκκλησίας
1019 3568 1089 3634 οὔτε
1115 3574 1170 3635 ’τοῦ
1201 3572 1339 3661 δικάζειν.
1384 3570 1436 3632 eir.
1457 3568 1510 3646 IV,
1534 3571 1565 3648 ’ί,
1588 3572 1621 3635 2.
1643 3570 1688 3647 IV,

541 3669 596 3759 10,
618 3681 649 3744 2.
671 3682 701 3746 8.
746 3682 844 3758 Quare
872 3680 981 3745 chorus
1010 3701 1130 3766 (1¹1⁰<lue
1157 3681 1256 3766 ΡῙῘῙ110
1284 3663 1517 3764 Bdelydemm
1546 3687 1690 3768 tanqum

537 3791 672 3856 nobilem
694 3793 847 3876 quendam
864 3813 898 3856 ao
913 3793 1082 3877 superbum·
1094 3798 1320 3878 aspernatorem
1333 3789 1504 3875 aggressus,
1527 3792 1584 3858 ubi
1600 3811 1691 3876 mores

516 3903 605 3967 eius
626 3904 735 3988 probos
758 3905 911 3987 cognovit,
939 3903 1044 3989 populi
1066 3925 1138 3968 eum
1166 3911 1197 3970 et
1223 3905 1361 3969 iudicum
1382 3903 1520 3968 amioum
1533 3904 1691 3989 praedicat

538 4037 577 4100 u.¹
591 4012 652 4079 887
676 4037 742 4099 sqq.
785 4015 903 4079 Pariter
925 4015 962 4078 de
984 4016 1114 4100 penuria
1136 4016 1170 4079 in
1191 4016 1294 4101 Equit.
1317 4017 1381 4080 864
1402 4015 1571 4079 isieiarius:

581 4127 652 4193 ἀλλ’
671 4126 729 4191 ὑπ’
755 4130 886 4213 ἀνάγκης
909 4128 973 4212 ἅμα
995 4131 1045 4193 καὶ
1071 4130 1176 4215 χρείας
1197 4131 1247 4193 καὶ
1278 4130 1390 4215 μισδοῦ
1413 4126 1488 4213 πρδς
1510 4151 1546 4191 σε
1566 4130 1690 4216 κεχήνῃ,

537 4239 603 4331 soil.
629 4242 645 4303 δ
669 4243 768 4325 δῆμος
791 4240 865 4325 πρὸς
886 4237 1025 4305 Κλέωνα.
1049 4240 1108 4303 Cfr.
1123 4240 1195 4304 Eur.
1212 4238 1309 4304 Orest
1332 4240 1392 4303 231
1417 4259 1483 4323 sqq.
1526 4238 1596 4304 lam
1611 4239 1691 4303 dine-

536 4352 579 4415 rit
604 4351 773 4436 quispiam,
801 4357 870 4435 post
897 4350 1024 4415 chorum
1052 4356 1179 4416 tantum
1202 4351 1317 4416 sedisse
1344 4350 1447 4415 diram.
1470 4352 1689 4429 necessitatem,

536 4462 763 4528 Philocleonem
786 4468 904 4539 autem,
931 4469 969 4525 ut
989 4484 1025 4525 ex
1048 4462 1105 4526 filii
1127 4465 1282 4547 totiusque
1304 4462 1412 4529 domus
1433 4462 1543 4526 habitu
1564 4471 1689 4550 pateret,

537 4574 662 4639 avidum
696 4575 822 4660 quidem
848 4574 970 4641 trioboli
998 4595 1097 4659 neque
1130 4581 1234 4640 tamen
1262 4597 1393 4658 egenum
1425 4576 1528 4640 fuisse.
1579 4578 1691 4641 Verum
