<?xml version="1.0" encoding="UTF-8"?>
<!DOCTYPE html PUBLIC "-//W3C//DTD XHTML 1.0 Transitional//EN"
    "http://www.w3.org/TR/xhtml1/DTD/xhtml1-transitional.dtd">
<html xmlns="http://www.w3.org/1999/xhtml" xml:lang="en" lang="en">
 <head>
  <title>
</title>
<meta http-equiv="Content-Type" content="text/html;charset=utf-8" />
  <meta name='ocr-system' content='tesseract 3.04.00' />
  <meta name='ocr-capabilities' content='ocr_page ocr_carea ocr_par ocr_line ocrx_word'/>
</head>
<body>
  <div class='ocr_page' id='page_1' title='image "./vespaecumproleg00richgoog_0124.png"; bbox 0 0 4484 5467; ppageno 0'>
   <div class='ocr_carea' id='block_1_1' title="bbox 545 607 1319 681">
    <p class='ocr_par' dir='ltr' id='par_1_1' title="bbox 545 607 1319 681">
     <span class='ocr_line' id='line_1_1' title="bbox 545 607 1319 681; baseline -0.009 -12"><span class='ocrx_word' id='word_1_1' title='bbox 545 618 607 681; x_wconf 83' lang='lat'>110</span> <span class='ocrx_word' id='word_1_2' title='bbox 927 607 1117 664; x_wconf 77' lang='lat' dir='ltr'>PROLEGOM.</span> <span class='ocrx_word' id='word_1_3' title='bbox 1153 607 1265 663; x_wconf 73' lang='lat' dir='ltr'><strong>GAPVT</strong></span> <span class='ocrx_word' id='word_1_4' title='bbox 1283 607 1319 662; x_wconf 81' lang='lat' dir='ltr'>lv</span> 
     </span>
    </p>
   </div>
   <div class='ocr_carea' id='block_1_2' title="bbox 541 778 1699 981">
    <p class='ocr_par' dir='ltr' id='par_1_2' title="bbox 541 778 1699 981">
     <span class='ocr_line' id='line_1_2' title="bbox 541 778 1699 865; baseline -0.006 -14"><span class='ocrx_word' id='word_1_5' title='bbox 541 785 818 852; x_wconf 80' lang='lat' dir='ltr'>Eeclesiazusarum</span> <span class='ocrx_word' id='word_1_6' title='bbox 841 784 903 847; x_wconf 87' lang='grc'>676</span> <span class='ocrx_word' id='word_1_7' title='bbox 932 780 1081 865; x_wconf 84' lang='lat' dir='ltr'>suspicari</span> <span class='ocrx_word' id='word_1_8' title='bbox 1103 801 1159 845; x_wconf 86' lang='lat' dir='ltr'>nos</span> <span class='ocrx_word' id='word_1_9' title='bbox 1181 780 1266 844; x_wconf 84' lang='lat' dir='ltr'>sinit.</span> <span class='ocrx_word' id='word_1_10' title='bbox 1310 778 1358 843; x_wconf 92' lang='lat' dir='ltr'>Ibi</span> <span class='ocrx_word' id='word_1_11' title='bbox 1387 778 1472 844; x_wconf 89' lang='lat' dir='ltr'>enim</span> <span class='ocrx_word' id='word_1_12' title='bbox 1493 778 1649 865; x_wconf 86' lang='lat' dir='ltr'>Blepyrm</span> <span class='ocrx_word' id='word_1_13' title='bbox 1667 800 1699 844; x_wconf 84' lang='lat' dir='ltr'>ax</span> 
     </span>
     <span class='ocr_line' id='line_1_3' title="bbox 541 890 1699 981; baseline -0.005 -17"><span class='ocrx_word' id='word_1_14' title='bbox 541 901 712 981; x_wconf 81' lang='lat' dir='ltr'>Praxagora</span> <span class='ocrx_word' id='word_1_15' title='bbox 733 901 850 961; x_wconf 87' lang='lat' dir='ltr'>statum</span> <span class='ocrx_word' id='word_1_16' title='bbox 870 901 963 978; x_wconf 88' lang='lat' dir='ltr'>atque</span> <span class='ocrx_word' id='word_1_17' title='bbox 985 892 1121 957; x_wconf 78' lang='lat' dir='ltr'><strong>indolem</strong></span> <span class='ocrx_word' id='word_1_18' title='bbox 1143 891 1254 956; x_wconf 78' lang='lat' dir='ltr'>aetatis</span> <span class='ocrx_word' id='word_1_19' title='bbox 1269 911 1388 974; x_wconf 78' lang='lat' dir='ltr'>aureae,</span> <span class='ocrx_word' id='word_1_20' title='bbox 1411 890 1516 975; x_wconf 73' lang='lat' dir='ltr'>qualis</span> <span class='ocrx_word' id='word_1_21' title='bbox 1538 892 1592 975; x_wconf 76' lang='lat' dir='ltr'>sit,</span> <span class='ocrx_word' id='word_1_22' title='bbox 1614 912 1699 977; x_wconf 78' lang='lat' dir='ltr'>qnae·</span> 
     </span>
    </p>
   </div>
   <div class='ocr_carea' id='block_1_3' title="bbox 524 1009 1698 1206">
    <p class='ocr_par' dir='ltr' id='par_1_3' title="bbox 524 1009 1698 1206">
     <span class='ocr_line' id='line_1_4' title="bbox 541 1009 774 1093; baseline -0.039 -17"><span class='ocrx_word' id='word_1_23' title='bbox 541 1033 621 1093; x_wconf 83' lang='lat' dir='ltr'>rens,</span> <span class='ocrx_word' id='word_1_24' title='bbox 644 1032 673 1076; x_wconf 90' lang='lat' dir='ltr'>v.</span> <span class='ocrx_word' id='word_1_25' title='bbox 696 1009 774 1073; x_wconf 78' lang='lat'><strong>673:</strong></span> 
     </span>
     <span class='ocr_line' id='line_1_5' title="bbox 524 1114 1698 1206; baseline -0.003 -23"><span class='ocrx_word' id='word_1_26' title='bbox 524 1173 530 1183; x_wconf 81' lang='grc'><strong><em>,</em></strong></span> <span class='ocrx_word' id='word_1_27' title='bbox 626 1121 673 1186; x_wconf 90' lang='lat' dir='ltr'>Bl.</span> <span class='ocrx_word' id='word_1_28' title='bbox 694 1122 749 1206; x_wconf 76' lang='grc' dir='ltr'>τὴν</span> <span class='ocrx_word' id='word_1_29' title='bbox 773 1120 806 1184; x_wconf 84' lang='grc' dir='ltr'>δὲ</span> <span class='ocrx_word' id='word_1_30' title='bbox 828 1120 940 1184; x_wconf 86' lang='grc' dir='ltr'>δίαιταν</span> <span class='ocrx_word' id='word_1_31' title='bbox 964 1118 1028 1182; x_wconf 85' lang='grc' dir='ltr'>τίνα</span> <span class='ocrx_word' id='word_1_32' title='bbox 1057 1118 1212 1201; x_wconf 56' lang='lat' dir='ltr'>nordeum</span> <span class='ocrx_word' id='word_1_33' title='bbox 1259 1114 1307 1179; x_wconf 88' lang='lat' dir='ltr'>Pr.</span> <span class='ocrx_word' id='word_1_34' title='bbox 1329 1117 1434 1201; x_wconf 74' lang='grc' dir='ltr'>κοινὴν</span> <span class='ocrx_word' id='word_1_35' title='bbox 1457 1120 1562 1182; x_wconf 80' lang='grc' dir='ltr'>πᾶσιν.</span> <span class='ocrx_word' id='word_1_36' title='bbox 1595 1115 1630 1180; x_wconf 83' lang='grc' dir='ltr'>τδ</span> <span class='ocrx_word' id='word_1_37' title='bbox 1650 1116 1698 1202; x_wconf 72' lang='grc' dir='ltr'>γὰρ</span> 
     </span>
    </p>
   </div>
   <div class='ocr_carea' id='block_1_4' title="bbox 530 1250 1708 4561">
    <p class='ocr_par' dir='ltr' id='par_1_4' title="bbox 622 1250 1708 1761">
     <span class='ocr_line' id='line_1_6' title="bbox 1408 1250 1484 1291; baseline 0 0"><span class='ocrx_word' id='word_1_38' title='bbox 1408 1250 1484 1291; x_wconf 72' lang='lat' dir='ltr'>aare</span> 
     </span>
     <span class='ocr_line' id='line_1_7' title="bbox 698 1337 1638 1430; baseline -0.005 -23"><span class='ocrx_word' id='word_1_39' title='bbox 698 1343 767 1430; x_wconf 76' lang='grc' dir='ltr'>μίαν</span> <span class='ocrx_word' id='word_1_40' title='bbox 792 1340 905 1426; x_wconf 80' lang='grc' dir='ltr'>οἴκησίν</span> <span class='ocrx_word' id='word_1_41' title='bbox 928 1364 1006 1426; x_wconf 79' lang='grc' dir='ltr'>φημι</span> <span class='ocrx_word' id='word_1_42' title='bbox 1028 1341 1168 1425; x_wconf 80' lang='grc' dir='ltr'>ποιήσειν</span> <span class='ocrx_word' id='word_1_43' title='bbox 1192 1337 1360 1425; x_wconf 77' lang='grc' dir='ltr'>συρρήξασ’</span> <span class='ocrx_word' id='word_1_44' title='bbox 1383 1340 1426 1410; x_wconf 82' lang='grc' dir='ltr'>εἰς</span> <span class='ocrx_word' id='word_1_45' title='bbox 1447 1338 1481 1404; x_wconf 71' lang='grc' dir='ltr'>ἓν</span> <span class='ocrx_word' id='word_1_46' title='bbox 1505 1338 1638 1417; x_wconf 79' lang='grc' dir='ltr'>ἅπαντα,</span> 
     </span>
     <span class='ocr_line' id='line_1_8' title="bbox 699 1449 1699 1542; baseline -0.003 -24"><span class='ocrx_word' id='word_1_47' title='bbox 699 1456 778 1518; x_wconf 81' lang='grc' dir='ltr'><strong>ὥστε</strong></span> <span class='ocrx_word' id='word_1_48' title='bbox 800 1454 928 1542; x_wconf 75' lang='grc' dir='ltr'>βαδίζειν</span> <span class='ocrx_word' id='word_1_49' title='bbox 951 1454 993 1523; x_wconf 78' lang='grc' dir='ltr'>εἰς</span> <span class='ocrx_word' id='word_1_50' title='bbox 1015 1453 1177 1536; x_wconf 81' lang='grc' dir='ltr'><strong>ἀλλήλους.</strong></span> <span class='ocrx_word' id='word_1_51' title='bbox 1221 1449 1270 1513; x_wconf 90' lang='lat' dir='ltr'>Bl.</span> <span class='ocrx_word' id='word_1_52' title='bbox 1298 1451 1333 1515; x_wconf 82' lang='lat' dir='ltr'>rd</span> <span class='ocrx_word' id='word_1_53' title='bbox 1355 1452 1390 1516; x_wconf 77' lang='grc' dir='ltr'>δὲ</span> <span class='ocrx_word' id='word_1_54' title='bbox 1418 1452 1544 1516; x_wconf 79' lang='grc' dir='ltr'>δεῖπνον</span> <span class='ocrx_word' id='word_1_55' title='bbox 1567 1456 1630 1515; x_wconf 83' lang='grc' dir='ltr'>ποῦ</span> <span class='ocrx_word' id='word_1_56' title='bbox 1652 1475 1699 1515; x_wconf 84' lang='grc' dir='ltr'>πα·</span> 
     </span>
     <span class='ocr_line' id='line_1_9' title="bbox 1407 1551 1708 1649; baseline -0.023 1"><span class='ocrx_word' id='word_1_57' title='bbox 1407 1562 1572 1649; x_wconf 51' lang='lat' dir='ltr'>rulime</span> <span class='ocrx_word' id='word_1_58' title='bbox 1704 1551 1708 1558; x_wconf 70' lang='grc'><strong>’</strong></span> 
     </span>
     <span class='ocr_line' id='line_1_10' title="bbox 622 1675 1653 1761; baseline -0.004 -19"><span class='ocrx_word' id='word_1_59' title='bbox 622 1679 672 1742; x_wconf 91' lang='lat' dir='ltr'>Pr.</span> <span class='ocrx_word' id='word_1_60' title='bbox 694 1679 730 1743; x_wconf 82' lang='grc' dir='ltr'>τὰ</span> <span class='ocrx_word' id='word_1_61' title='bbox 752 1677 927 1761; x_wconf 81' lang='grc' dir='ltr'>δικαστήρια</span> <span class='ocrx_word' id='word_1_62' title='bbox 949 1676 999 1738; x_wconf 82' lang='grc' dir='ltr'>καὶ</span> <span class='ocrx_word' id='word_1_63' title='bbox 1019 1675 1071 1745; x_wconf 83' lang='grc' dir='ltr'>τὰς</span> <span class='ocrx_word' id='word_1_64' title='bbox 1094 1677 1195 1746; x_wconf 82' lang='grc' dir='ltr'>στοιὰς</span> <span class='ocrx_word' id='word_1_65' title='bbox 1217 1677 1373 1761; x_wconf 83' lang='grc' dir='ltr'>ἀνδρῶνας</span> <span class='ocrx_word' id='word_1_66' title='bbox 1394 1676 1492 1739; x_wconf 82' lang='grc' dir='ltr'>πάντα</span> <span class='ocrx_word' id='word_1_67' title='bbox 1514 1676 1653 1761; x_wconf 82' lang='grc' dir='ltr'>ποιήσω.</span> 
     </span>
    </p>

    <p class='ocr_par' dir='ltr' id='par_1_5' title="bbox 530 1784 1704 4561">
     <span class='ocr_line' id='line_1_11' title="bbox 543 1784 1700 1877; baseline -0.003 -21"><span class='ocrx_word' id='word_1_68' title='bbox 543 1789 717 1877; x_wconf 80' lang='lat' dir='ltr'><strong>Respondet</strong></span> <span class='ocrx_word' id='word_1_69' title='bbox 738 1790 804 1870; x_wconf 81' lang='lat' dir='ltr'>Pn,</span> <span class='ocrx_word' id='word_1_70' title='bbox 834 1807 912 1872; x_wconf 87' lang='lat' dir='ltr'>quaa</span> <span class='ocrx_word' id='word_1_71' title='bbox 933 1805 1034 1850; x_wconf 86' lang='lat' dir='ltr'>meam</span> <span class='ocrx_word' id='word_1_72' title='bbox 1056 1806 1181 1850; x_wconf 85' lang='lat' dir='ltr'>causam</span> <span class='ocrx_word' id='word_1_73' title='bbox 1201 1784 1347 1851; x_wconf 85' lang='lat' dir='ltr'>videntur</span> <span class='ocrx_word' id='word_1_74' title='bbox 1367 1784 1548 1869; x_wconf 86' lang='lat' dir='ltr'>defendere,</span> <span class='ocrx_word' id='word_1_75' title='bbox 1572 1786 1653 1852; x_wconf 87' lang='lat' dir='ltr'>vella</span> <span class='ocrx_word' id='word_1_76' title='bbox 1672 1807 1700 1852; x_wconf 84' lang='lat' dir='ltr'>aa</span> 
     </span>
     <span class='ocr_line' id='line_1_12' title="bbox 530 1896 1702 1983; baseline -0.005 -15"><span class='ocrx_word' id='word_1_77' title='bbox 530 1904 652 1977; x_wconf 58' lang='lat' dir='ltr'>„urbem</span> <span class='ocrx_word' id='word_1_78' title='bbox 672 1902 770 1966; x_wconf 85' lang='lat' dir='ltr'>lacere</span> <span class='ocrx_word' id='word_1_79' title='bbox 792 1900 890 1964; x_wconf 83' lang='lat' dir='ltr'>instar</span> <span class='ocrx_word' id='word_1_80' title='bbox 912 1897 1005 1961; x_wconf 86' lang='lat' dir='ltr'>unius</span> <span class='ocrx_word' id='word_1_81' title='bbox 1026 1896 1242 1979; x_wconf 70' lang='lat' dir='ltr'>habitationis,</span> <span class='ocrx_word' id='word_1_82' title='bbox 1272 1898 1376 1962; x_wconf 88' lang='lat' dir='ltr'>omnia</span> <span class='ocrx_word' id='word_1_83' title='bbox 1396 1898 1643 1983; x_wconf 83' lang='lat' dir='ltr'>perrumpenda,</span> <span class='ocrx_word' id='word_1_84' title='bbox 1670 1905 1702 1963; x_wconf 89' lang='lat' dir='ltr'>ut</span> 
     </span>
     <span class='ocr_line' id='line_1_13' title="bbox 542 2008 1703 2102; baseline -0.003 -22"><span class='ocrx_word' id='word_1_85' title='bbox 542 2037 596 2102; x_wconf 89' lang='lat' dir='ltr'>per</span> <span class='ocrx_word' id='word_1_86' title='bbox 609 2036 735 2079; x_wconf 92' lang='lat' dir='ltr'>murum</span> <span class='ocrx_word' id='word_1_87' title='bbox 749 2013 936 2098; x_wconf 85' lang='lat' dir='ltr'>perforatum</span> <span class='ocrx_word' id='word_1_88' title='bbox 950 2009 1027 2074; x_wconf 85' lang='lat' dir='ltr'>alter</span> <span class='ocrx_word' id='word_1_89' title='bbox 1047 2009 1080 2073; x_wconf 92' lang='lat' dir='ltr'>in</span> <span class='ocrx_word' id='word_1_90' title='bbox 1096 2008 1223 2073; x_wconf 83' lang='lat' dir='ltr'>alteriue</span> <span class='ocrx_word' id='word_1_91' title='bbox 1239 2008 1330 2074; x_wconf 86' lang='lat' dir='ltr'>aedes</span> <span class='ocrx_word' id='word_1_92' title='bbox 1344 2009 1464 2093; x_wconf 81' lang='lat' dir='ltr'>ingredi</span> <span class='ocrx_word' id='word_1_93' title='bbox 1478 2011 1590 2096; x_wconf 69' lang='lat' dir='ltr'>possit,</span> <span class='ocrx_word' id='word_1_94' title='bbox 1614 2029 1703 2076; x_wconf 75' lang='lat' dir='ltr'>coena</span> 
     </span>
     <span class='ocr_line' id='line_1_14' title="bbox 541 2120 1702 2211; baseline -0.003 -19"><span class='ocrx_word' id='word_1_95' title='bbox 541 2134 647 2193; x_wconf 85' lang='lat' dir='ltr'>autem</span> <span class='ocrx_word' id='word_1_96' title='bbox 668 2132 704 2192; x_wconf 88' lang='lat' dir='ltr'>ut</span> <span class='ocrx_word' id='word_1_97' title='bbox 724 2124 846 2211; x_wconf 83' lang='lat' dir='ltr'>publice</span> <span class='ocrx_word' id='word_1_98' title='bbox 861 2128 1040 2208; x_wconf 86' lang='lat' dir='ltr'>apponatur,</span> <span class='ocrx_word' id='word_1_99' title='bbox 1063 2120 1233 2186; x_wconf 88' lang='lat' dir='ltr'>tribunalia</span> <span class='ocrx_word' id='word_1_100' title='bbox 1254 2126 1285 2185; x_wconf 88' lang='lat' dir='ltr'>et</span> <span class='ocrx_word' id='word_1_101' title='bbox 1298 2120 1435 2206; x_wconf 81' lang='lat' dir='ltr'>pertitus</span> <span class='ocrx_word' id='word_1_102' title='bbox 1451 2124 1618 2210; x_wconf 68' lang='grc' dir='ltr'>ἀνδρῶνος,</span> <span class='ocrx_word' id='word_1_103' title='bbox 1640 2144 1702 2188; x_wconf 84' lang='lat' dir='ltr'>eoa·</span> 
     </span>
     <span class='ocr_line' id='line_1_15' title="bbox 542 2232 1703 2321; baseline -0.005 -18"><span class='ocrx_word' id='word_1_104' title='bbox 542 2239 652 2304; x_wconf 77' lang='lat' dir='ltr'>nacula</span> <span class='ocrx_word' id='word_1_105' title='bbox 680 2238 758 2302; x_wconf 86' lang='lat' dir='ltr'>fiant</span> <span class='ocrx_word' id='word_1_106' title='bbox 786 2237 933 2302; x_wconf 85' lang='lat' dir='ltr'>virorum.</span> <span class='ocrx_word' id='word_1_107' title='bbox 977 2234 1047 2298; x_wconf 85' lang='lat' dir='ltr'>Non</span> <span class='ocrx_word' id='word_1_108' title='bbox 1073 2233 1173 2298; x_wconf 85' lang='lat' dir='ltr'>solum</span> <span class='ocrx_word' id='word_1_109' title='bbox 1200 2232 1338 2317; x_wconf 86' lang='lat' dir='ltr'>privatae</span> <span class='ocrx_word' id='word_1_110' title='bbox 1366 2232 1455 2298; x_wconf 83' lang='lat' dir='ltr'>aedes</span> <span class='ocrx_word' id='word_1_111' title='bbox 1477 2255 1553 2299; x_wconf 87' lang='lat' dir='ltr'>cum</span> <span class='ocrx_word' id='word_1_112' title='bbox 1574 2233 1703 2321; x_wconf 83' lang='lat' dir='ltr'>publicis</span> 
     </span>
     <span class='ocr_line' id='line_1_16' title="bbox 542 2333 1703 2436; baseline -0.004 -22"><span class='ocrx_word' id='word_1_113' title='bbox 542 2355 769 2436; x_wconf 82' lang='lat' dir='ltr'>permutentur,</span> <span class='ocrx_word' id='word_1_114' title='bbox 803 2348 858 2413; x_wconf 85' lang='lat' dir='ltr'>sed</span> <span class='ocrx_word' id='word_1_115' title='bbox 883 2346 949 2412; x_wconf 85' lang='lat' dir='ltr'>vita</span> <span class='ocrx_word' id='word_1_116' title='bbox 978 2345 1137 2429; x_wconf 87' lang='lat' dir='ltr'>hueusque</span> <span class='ocrx_word' id='word_1_117' title='bbox 1165 2344 1313 2410; x_wconf 85' lang='lat' dir='ltr'>domuum</span> <span class='ocrx_word' id='word_1_118' title='bbox 1340 2333 1451 2411; x_wconf 84' lang='lat' dir='ltr'>umbra</span> <span class='ocrx_word' id='word_1_119' title='bbox 1476 2351 1597 2411; x_wconf 76' lang='lat' dir='ltr'>retacta</span> <span class='ocrx_word' id='word_1_120' title='bbox 1624 2366 1703 2411; x_wconf 87' lang='lat' dir='ltr'>nune</span> 
     </span>
     <span class='ocr_line' id='line_1_17' title="bbox 541 2456 1704 2543; baseline -0.004 -15"><span class='ocrx_word' id='word_1_121' title='bbox 541 2461 690 2528; x_wconf 82' lang='lat' dir='ltr'>subdialia</span> <span class='ocrx_word' id='word_1_122' title='bbox 712 2461 781 2540; x_wconf 80' lang='lat' dir='ltr'>fiat3</span> <span class='ocrx_word' id='word_1_123' title='bbox 814 2459 868 2523; x_wconf 86' lang='lat' dir='ltr'>alii</span> <span class='ocrx_word' id='word_1_124' title='bbox 889 2458 923 2522; x_wconf 93' lang='lat' dir='ltr'>in</span> <span class='ocrx_word' id='word_1_125' title='bbox 945 2457 1127 2543; x_wconf 77' lang='lat' dir='ltr'>porticibus,</span> <span class='ocrx_word' id='word_1_126' title='bbox 1161 2456 1216 2522; x_wconf 88' lang='lat' dir='ltr'>alii</span> <span class='ocrx_word' id='word_1_127' title='bbox 1242 2457 1279 2521; x_wconf 93' lang='lat' dir='ltr'>in</span> <span class='ocrx_word' id='word_1_128' title='bbox 1303 2457 1377 2522; x_wconf 84' lang='lat' dir='ltr'>loris</span> <span class='ocrx_word' id='word_1_129' title='bbox 1407 2456 1611 2532; x_wconf 80' lang='lat' dir='ltr'>iudicialibus</span> <span class='ocrx_word' id='word_1_130' title='bbox 1631 2457 1704 2522; x_wconf 75' lang='lat' dir='ltr'>asei-</span> 
     </span>
     <span class='ocr_line' id='line_1_18' title="bbox 542 2569 1704 2655; baseline -0.004 -16"><span class='ocrx_word' id='word_1_131' title='bbox 542 2574 635 2639; x_wconf 86' lang='lat' dir='ltr'>daant</span> <span class='ocrx_word' id='word_1_132' title='bbox 656 2571 821 2649; x_wconf 81' lang='lat' dir='ltr'>caenaturi,</span> <span class='ocrx_word' id='word_1_133' title='bbox 844 2571 865 2633; x_wconf 92' lang='lat' dir='ltr'>i.</span> <span class='ocrx_word' id='word_1_134' title='bbox 883 2591 908 2634; x_wconf 90' lang='lat' dir='ltr'>a.</span> <span class='ocrx_word' id='word_1_135' title='bbox 930 2591 985 2655; x_wconf 89' lang='lat' dir='ltr'>per</span> <span class='ocrx_word' id='word_1_136' title='bbox 1005 2570 1098 2634; x_wconf 87' lang='lat' dir='ltr'>istam</span> <span class='ocrx_word' id='word_1_137' title='bbox 1119 2569 1269 2634; x_wconf 83' lang='lat' dir='ltr'>bonorum</span> <span class='ocrx_word' id='word_1_138' title='bbox 1290 2569 1430 2634; x_wconf 87' lang='lat' dir='ltr'>omnium</span> <span class='ocrx_word' id='word_1_139' title='bbox 1452 2570 1704 2635; x_wconf 78' lang='lat' dir='ltr'>communionem</span> 
     </span>
     <span class='ocr_line' id='line_1_19' title="bbox 541 2680 1702 2767; baseline -0.003 -17"><span class='ocrx_word' id='word_1_140' title='bbox 541 2685 596 2750; x_wconf 91' lang='lat' dir='ltr'>alii</span> <span class='ocrx_word' id='word_1_141' title='bbox 617 2690 721 2749; x_wconf 88' lang='lat' dir='ltr'>tamen</span> <span class='ocrx_word' id='word_1_142' title='bbox 743 2684 801 2748; x_wconf 88' lang='lat' dir='ltr'>sub</span> <span class='ocrx_word' id='word_1_143' title='bbox 824 2682 911 2760; x_wconf 86' lang='lat' dir='ltr'>divo,</span> <span class='ocrx_word' id='word_1_144' title='bbox 939 2682 1022 2765; x_wconf 93' lang='lat' dir='ltr'>iique</span> <span class='ocrx_word' id='word_1_145' title='bbox 1045 2687 1133 2760; x_wconf 88' lang='lat' dir='ltr'>sunt,</span> <span class='ocrx_word' id='word_1_146' title='bbox 1162 2682 1216 2766; x_wconf 94' lang='lat' dir='ltr'>qui</span> <span class='ocrx_word' id='word_1_147' title='bbox 1237 2681 1357 2767; x_wconf 80' lang='lat' dir='ltr'>pridem</span> <span class='ocrx_word' id='word_1_148' title='bbox 1379 2681 1425 2745; x_wconf 93' lang='lat' dir='ltr'>ibi</span> <span class='ocrx_word' id='word_1_149' title='bbox 1446 2680 1619 2764; x_wconf 76' lang='lat' dir='ltr'>degebant,</span> <span class='ocrx_word' id='word_1_150' title='bbox 1642 2682 1702 2746; x_wconf 90' lang='lat' dir='ltr'>He-</span> 
     </span>
     <span class='ocr_line' id='line_1_20' title="bbox 541 2792 1703 2881; baseline -0.001 -21"><span class='ocrx_word' id='word_1_151' title='bbox 541 2797 649 2861; x_wconf 85' lang='lat' dir='ltr'>liastae</span> <span class='ocrx_word' id='word_1_152' title='bbox 670 2815 829 2881; x_wconf 77' lang='lat' dir='ltr'>pauperae,</span> <span class='ocrx_word' id='word_1_153' title='bbox 851 2794 1007 2859; x_wconf 84' lang='lat' dir='ltr'>minorum</span> <span class='ocrx_word' id='word_1_154' title='bbox 1029 2794 1169 2878; x_wconf 84' lang='lat' dir='ltr'>gentium</span> <span class='ocrx_word' id='word_1_155' title='bbox 1191 2793 1281 2873; x_wconf 85' lang='lat' dir='ltr'>aives,</span> <span class='ocrx_word' id='word_1_156' title='bbox 1304 2793 1359 2857; x_wconf 86' lang='lat' dir='ltr'>alii</span> <span class='ocrx_word' id='word_1_157' title='bbox 1380 2792 1415 2857; x_wconf 92' lang='lat' dir='ltr'>in</span> <span class='ocrx_word' id='word_1_158' title='bbox 1435 2793 1618 2878; x_wconf 83' lang='lat' dir='ltr'>porticuum</span> <span class='ocrx_word' id='word_1_159' title='bbox 1637 2815 1703 2859; x_wconf 92' lang='lat' dir='ltr'>um·</span> 
     </span>
     <span class='ocr_line' id='line_1_21' title="bbox 543 2905 1703 2994; baseline -0.004 -20"><span class='ocrx_word' id='word_1_160' title='bbox 543 2909 598 2974; x_wconf 88' lang='lat' dir='ltr'>bra</span> <span class='ocrx_word' id='word_1_161' title='bbox 612 2908 696 2994; x_wconf 89' lang='lat' dir='ltr'>iique</span> <span class='ocrx_word' id='word_1_162' title='bbox 712 2907 885 2989; x_wconf 83' lang='lat' dir='ltr'>nobiliores,</span> <span class='ocrx_word' id='word_1_163' title='bbox 909 2909 937 2971; x_wconf 84' lang='lat' dir='ltr'>oi</span> <span class='ocrx_word' id='word_1_164' title='bbox 961 2907 1135 2984; x_wconf 74' lang='grc' dir='ltr'>Φαίνιππον,</span> <span class='ocrx_word' id='word_1_165' title='bbox 1157 2905 1180 2969; x_wconf 84' lang='lat' dir='ltr'><strong>F</strong></span> <span class='ocrx_word' id='word_1_166' title='bbox 1182 2905 1353 2984; x_wconf 83' lang='grc' dir='ltr'>λαόκιπποι,</span> <span class='ocrx_word' id='word_1_167' title='bbox 1376 2943 1418 2952; x_wconf 90' lang='lat'>-</span> <span class='ocrx_word' id='word_1_168' title='bbox 1440 2929 1526 2970; x_wconf 85' lang='grc' dir='ltr'>ιπποι</span> <span class='ocrx_word' id='word_1_169' title='bbox 1543 2905 1703 2971; x_wconf 89' lang='lat' dir='ltr'>innumeri</span> 
     </span>
     <span class='ocr_line' id='line_1_22' title="bbox 543 3016 1701 3105; baseline 0.001 -22"><span class='ocrx_word' id='word_1_170' title='bbox 543 3020 666 3104; x_wconf 89' lang='lat' dir='ltr'>aliique,</span> <span class='ocrx_word' id='word_1_171' title='bbox 689 3041 821 3105; x_wconf 87' lang='lat' dir='ltr'>quorum</span> <span class='ocrx_word' id='word_1_172' title='bbox 841 3019 968 3084; x_wconf 87' lang='lat' dir='ltr'>nomina</span> <span class='ocrx_word' id='word_1_173' title='bbox 989 3017 1124 3082; x_wconf 76' lang='lat' dir='ltr'>illustria</span> <span class='ocrx_word' id='word_1_174' title='bbox 1143 3016 1305 3102; x_wconf 83' lang='lat' dir='ltr'>Bdelyaleo</span> <span class='ocrx_word' id='word_1_175' title='bbox 1326 3022 1476 3083; x_wconf 82' lang='lat' dir='ltr'>memorat</span> <span class='ocrx_word' id='word_1_176' title='bbox 1489 3016 1586 3103; x_wconf 83' lang='lat' dir='ltr'>Veap.</span> <span class='ocrx_word' id='word_1_177' title='bbox 1611 3020 1701 3100; x_wconf 67' lang='lat' dir='ltr'>mnu</span> 
     </span>
     <span class='ocr_line' id='line_1_23' title="bbox 540 3129 1703 3218; baseline -0.003 -21"><span class='ocrx_word' id='word_1_178' title='bbox 540 3133 719 3198; x_wconf 77' lang='lat' dir='ltr'>coenabunt.</span> <span class='ocrx_word' id='word_1_179' title='bbox 757 3132 928 3209; x_wconf 82' lang='lat' dir='ltr'>Quominus</span> <span class='ocrx_word' id='word_1_180' title='bbox 947 3130 1030 3195; x_wconf 89' lang='lat' dir='ltr'>enim</span> <span class='ocrx_word' id='word_1_181' title='bbox 1054 3131 1144 3200; x_wconf 79' lang='grc' dir='ltr'>στοὰς</span> <span class='ocrx_word' id='word_1_182' title='bbox 1166 3135 1221 3195; x_wconf 86' lang='lat' dir='ltr'>aut</span> <span class='ocrx_word' id='word_1_183' title='bbox 1241 3129 1325 3193; x_wconf 89' lang='lat' dir='ltr'>idem</span> <span class='ocrx_word' id='word_1_184' title='bbox 1340 3135 1431 3215; x_wconf 87' lang='lat' dir='ltr'>atque</span> <span class='ocrx_word' id='word_1_185' title='bbox 1453 3131 1635 3218; x_wconf 78' lang='grc' dir='ltr'>δικαστήρια</span> <span class='ocrx_word' id='word_1_186' title='bbox 1651 3136 1703 3195; x_wconf 87' lang='lat' dir='ltr'>ant</span> 
     </span>
     <span class='ocr_line' id='line_1_24' title="bbox 541 3240 1702 3329; baseline -0.003 -21"><span class='ocrx_word' id='word_1_187' title='bbox 541 3244 642 3309; x_wconf 89' lang='lat' dir='ltr'>simile</span> <span class='ocrx_word' id='word_1_188' title='bbox 664 3244 739 3329; x_wconf 92' lang='lat' dir='ltr'>quid</span> <span class='ocrx_word' id='word_1_189' title='bbox 761 3244 854 3308; x_wconf 89' lang='lat' dir='ltr'>fuisse</span> <span class='ocrx_word' id='word_1_190' title='bbox 877 3242 1071 3327; x_wconf 85' lang='lat' dir='ltr'>accipiamus,</span> <span class='ocrx_word' id='word_1_191' title='bbox 1094 3241 1225 3327; x_wconf 92' lang='lat' dir='ltr'>impedit</span> <span class='ocrx_word' id='word_1_192' title='bbox 1245 3247 1366 3327; x_wconf 86' lang='lat' dir='ltr'>praeter</span> <span class='ocrx_word' id='word_1_193' title='bbox 1387 3241 1450 3305; x_wconf 86' lang='lat' dir='ltr'>alia</span> <span class='ocrx_word' id='word_1_194' title='bbox 1472 3240 1568 3305; x_wconf 87' lang='lat' dir='ltr'>etiam</span> <span class='ocrx_word' id='word_1_195' title='bbox 1591 3261 1702 3307; x_wconf 87' lang='lat' dir='ltr'>nomen</span> 
     </span>
     <span class='ocr_line' id='line_1_25' title="bbox 539 3353 1701 3444; baseline -0.004 -22"><span class='ocrx_word' id='word_1_196' title='bbox 539 3357 573 3422; x_wconf 86' lang='grc' dir='ltr'>τδ</span> <span class='ocrx_word' id='word_1_197' title='bbox 595 3355 760 3444; x_wconf 75' lang='grc' dir='ltr'>Τρίγωνον,</span> <span class='ocrx_word' id='word_1_198' title='bbox 782 3377 878 3440; x_wconf 89' lang='lat' dir='ltr'>quum</span> <span class='ocrx_word' id='word_1_199' title='bbox 901 3353 940 3418; x_wconf 87' lang='lat' dir='ltr'>ad</span> <span class='ocrx_word' id='word_1_200' title='bbox 959 3353 1052 3419; x_wconf 85' lang='lat' dir='ltr'>huius</span> <span class='ocrx_word' id='word_1_201' title='bbox 1073 3359 1128 3419; x_wconf 81' lang='grc' dir='ltr'>τοῦ</span> <span class='ocrx_word' id='word_1_202' title='bbox 1151 3354 1305 3442; x_wconf 75' lang='grc' dir='ltr'>Τριγώνου</span> <span class='ocrx_word' id='word_1_203' title='bbox 1327 3356 1456 3420; x_wconf 79' lang='lat' dir='ltr'>sormam</span> <span class='ocrx_word' id='word_1_204' title='bbox 1476 3373 1621 3437; x_wconf 79' lang='lat' dir='ltr'>unquam</span> <span class='ocrx_word' id='word_1_205' title='bbox 1633 3374 1701 3440; x_wconf 86' lang='lat' dir='ltr'>por·</span> 
     </span>
     <span class='ocr_line' id='line_1_26' title="bbox 539 3465 1701 3532; baseline -0.001 0"><span class='ocrx_word' id='word_1_206' title='bbox 539 3468 638 3532; x_wconf 85' lang='lat' dir='ltr'>ticum</span> <span class='ocrx_word' id='word_1_207' title='bbox 666 3472 853 3532; x_wconf 83' lang='lat' dir='ltr'>exstructam</span> <span class='ocrx_word' id='word_1_208' title='bbox 881 3466 974 3531; x_wconf 84' lang='lat' dir='ltr'>luisse</span> <span class='ocrx_word' id='word_1_209' title='bbox 1003 3465 1140 3531; x_wconf 88' lang='lat' dir='ltr'>nondum</span> <span class='ocrx_word' id='word_1_210' title='bbox 1168 3467 1348 3531; x_wconf 85' lang='lat' dir='ltr'>audiverim.</span> <span class='ocrx_word' id='word_1_211' title='bbox 1393 3466 1539 3531; x_wconf 87' lang='lat' dir='ltr'>Ceterum</span> <span class='ocrx_word' id='word_1_212' title='bbox 1567 3486 1609 3531; x_wconf 86' lang='lat' dir='ltr'>ex</span> <span class='ocrx_word' id='word_1_213' title='bbox 1634 3466 1701 3531; x_wconf 77' lang='lat' dir='ltr'>istis</span> 
     </span>
     <span class='ocr_line' id='line_1_27' title="bbox 541 3576 1702 3663; baseline 0.001 -20"><span class='ocrx_word' id='word_1_214' title='bbox 541 3578 681 3643; x_wconf 81' lang='lat' dir='ltr'>versibus</span> <span class='ocrx_word' id='word_1_215' title='bbox 703 3599 766 3643; x_wconf 86' lang='lat' dir='ltr'>non</span> <span class='ocrx_word' id='word_1_216' title='bbox 788 3584 853 3643; x_wconf 92' lang='lat' dir='ltr'>tam</span> <span class='ocrx_word' id='word_1_217' title='bbox 874 3578 1005 3662; x_wconf 81' lang='lat' dir='ltr'>formam</span> <span class='ocrx_word' id='word_1_218' title='bbox 1027 3578 1151 3643; x_wconf 90' lang='lat' dir='ltr'>aedium</span> <span class='ocrx_word' id='word_1_219' title='bbox 1165 3600 1260 3663; x_wconf 90' lang='lat' dir='ltr'>quam</span> <span class='ocrx_word' id='word_1_220' title='bbox 1281 3579 1376 3644; x_wconf 88' lang='lat' dir='ltr'>situm</span> <span class='ocrx_word' id='word_1_221' title='bbox 1398 3578 1507 3643; x_wconf 81' lang='lat' dir='ltr'>diseas.</span> <span class='ocrx_word' id='word_1_222' title='bbox 1544 3576 1702 3644; x_wconf 89' lang='lat' dir='ltr'>Nimirum</span> 
     </span>
     <span class='ocr_line' id='line_1_28' title="bbox 541 3690 1701 3773; baseline 0.003 -19"><span class='ocrx_word' id='word_1_223' title='bbox 541 3690 713 3773; x_wconf 85' lang='lat' dir='ltr'>Praxagora</span> <span class='ocrx_word' id='word_1_224' title='bbox 745 3690 841 3755; x_wconf 89' lang='lat' dir='ltr'>vitam</span> <span class='ocrx_word' id='word_1_225' title='bbox 875 3696 971 3756; x_wconf 85' lang='lat' dir='ltr'>tutam</span> <span class='ocrx_word' id='word_1_226' title='bbox 1000 3690 1117 3757; x_wconf 81' lang='lat' dir='ltr'>civium</span> <span class='ocrx_word' id='word_1_227' title='bbox 1143 3691 1179 3755; x_wconf 93' lang='lat' dir='ltr'>in</span> <span class='ocrx_word' id='word_1_228' title='bbox 1207 3691 1271 3756; x_wconf 85' lang='lat' dir='ltr'>loro</span> <span class='ocrx_word' id='word_1_229' title='bbox 1298 3696 1328 3754; x_wconf 91' lang='lat' dir='ltr'>et</span> <span class='ocrx_word' id='word_1_230' title='bbox 1355 3690 1438 3755; x_wconf 82' lang='lat' dir='ltr'>eirea</span> <span class='ocrx_word' id='word_1_231' title='bbox 1463 3690 1566 3766; x_wconf 84' lang='lat' dir='ltr'>lorum</span> <span class='ocrx_word' id='word_1_232' title='bbox 1587 3690 1701 3757; x_wconf 80' lang='lat' dir='ltr'>versari</span> 
     </span>
     <span class='ocr_line' id='line_1_29' title="bbox 539 3802 1699 3891; baseline 0.001 -25"><span class='ocrx_word' id='word_1_233' title='bbox 539 3802 642 3882; x_wconf 85' lang='lat' dir='ltr'>iubet3</span> <span class='ocrx_word' id='word_1_234' title='bbox 668 3803 804 3888; x_wconf 85' lang='lat' dir='ltr'>porticus</span> <span class='ocrx_word' id='word_1_235' title='bbox 825 3824 912 3885; x_wconf 83' lang='lat' dir='ltr'>vere,</span> <span class='ocrx_word' id='word_1_236' title='bbox 936 3824 1012 3888; x_wconf 83' lang='lat' dir='ltr'>quas</span> <span class='ocrx_word' id='word_1_237' title='bbox 1035 3802 1199 3869; x_wconf 80' lang='lat' dir='ltr'>caenacula</span> <span class='ocrx_word' id='word_1_238' title='bbox 1219 3802 1337 3868; x_wconf 83' lang='lat' dir='ltr'>lactura</span> <span class='ocrx_word' id='word_1_239' title='bbox 1358 3809 1419 3882; x_wconf 86' lang='lat' dir='ltr'>est,</span> <span class='ocrx_word' id='word_1_240' title='bbox 1448 3804 1468 3887; x_wconf 79' lang='grc' dir='ltr'>ἡ</span> <span class='ocrx_word' id='word_1_241' title='bbox 1494 3804 1650 3891; x_wconf 77' lang='grc' dir='ltr'>βασιλεως</span> <span class='ocrx_word' id='word_1_242' title='bbox 1671 3824 1699 3869; x_wconf 84' lang='lat' dir='ltr'>v.</span> 
     </span>
     <span class='ocr_line' id='line_1_30' title="bbox 540 3912 1699 4002; baseline 0.001 -23"><span class='ocrx_word' id='word_1_243' title='bbox 540 3915 618 3995; x_wconf 78' lang='lat'><strong>685,</strong></span> <span class='ocrx_word' id='word_1_244' title='bbox 647 3917 667 4001; x_wconf 77' lang='grc' dir='ltr'>ἡ</span> <span class='ocrx_word' id='word_1_245' title='bbox 691 3914 894 4001; x_wconf 79' lang='grc' dir='ltr'>ἀλφιτόπωλις</span> <span class='ocrx_word' id='word_1_246' title='bbox 915 3937 944 3981; x_wconf 90' lang='lat' dir='ltr'>v.</span> <span class='ocrx_word' id='word_1_247' title='bbox 967 3916 1045 3997; x_wconf 83' lang='grc'>686,</span> <span class='ocrx_word' id='word_1_248' title='bbox 1073 3917 1153 3997; x_wconf 82' lang='lat' dir='ltr'>foro,</span> <span class='ocrx_word' id='word_1_249' title='bbox 1181 3916 1263 4001; x_wconf 82' lang='grc' dir='ltr'>παρὰ</span> <span class='ocrx_word' id='word_1_250' title='bbox 1284 3916 1339 4000; x_wconf 65' lang='grc' dir='ltr'>τὴν</span> <span class='ocrx_word' id='word_1_251' title='bbox 1362 3916 1492 4002; x_wconf 75' lang='grc' dir='ltr'>ἀγοράν,</span> <span class='ocrx_word' id='word_1_252' title='bbox 1515 3912 1699 3994; x_wconf 75' lang='lat' dir='ltr'>adiacentes,</span> 
     </span>
     <span class='ocr_line' id='line_1_31' title="bbox 541 4025 1700 4111; baseline 0.003 -20"><span class='ocrx_word' id='word_1_253' title='bbox 541 4032 576 4091; x_wconf 89' lang='lat' dir='ltr'>ut</span> <span class='ocrx_word' id='word_1_254' title='bbox 598 4025 734 4111; x_wconf 86' lang='lat' dir='ltr'>quotidie</span> <span class='ocrx_word' id='word_1_255' title='bbox 756 4027 829 4091; x_wconf 89' lang='lat' dir='ltr'>usui</span> <span class='ocrx_word' id='word_1_256' title='bbox 850 4027 966 4091; x_wconf 88' lang='lat' dir='ltr'>fuerint</span> <span class='ocrx_word' id='word_1_257' title='bbox 987 4026 1164 4091; x_wconf 86' lang='lat' dir='ltr'>hominibus</span> <span class='ocrx_word' id='word_1_258' title='bbox 1186 4026 1244 4091; x_wconf 87' lang='lat' dir='ltr'>sub</span> <span class='ocrx_word' id='word_1_259' title='bbox 1266 4026 1337 4091; x_wconf 81' lang='lat' dir='ltr'>diva</span> <span class='ocrx_word' id='word_1_260' title='bbox 1358 4026 1492 4090; x_wconf 87' lang='lat' dir='ltr'>maxime</span> <span class='ocrx_word' id='word_1_261' title='bbox 1507 4026 1700 4110; x_wconf 53' lang='lat' dir='ltr'>degentibus</span> 
     </span>
     <span class='ocr_line' id='line_1_32' title="bbox 538 4138 1702 4226; baseline 0.003 -25"><span class='ocrx_word' id='word_1_262' title='bbox 538 4138 583 4203; x_wconf 87' lang='lat' dir='ltr'>ita</span> <span class='ocrx_word' id='word_1_263' title='bbox 611 4138 737 4224; x_wconf 84' lang='lat' dir='ltr'>posthae</span> <span class='ocrx_word' id='word_1_264' title='bbox 764 4143 912 4224; x_wconf 85' lang='lat' dir='ltr'>tanquam</span> <span class='ocrx_word' id='word_1_265' title='bbox 941 4138 1073 4221; x_wconf 82' lang='lat' dir='ltr'>legitimi</span> <span class='ocrx_word' id='word_1_266' title='bbox 1106 4142 1258 4226; x_wconf 71' lang='grc' dir='ltr'>ἀνδρῶνος</span> <span class='ocrx_word' id='word_1_267' title='bbox 1291 4144 1322 4203; x_wconf 91' lang='lat' dir='ltr'>et</span> <span class='ocrx_word' id='word_1_268' title='bbox 1353 4158 1531 4204; x_wconf 77' lang='lat' dir='ltr'>communes</span> <span class='ocrx_word' id='word_1_269' title='bbox 1559 4141 1702 4208; x_wconf 86' lang='lat' dir='ltr'>omnibus</span> 
     </span>
     <span class='ocr_line' id='line_1_33' title="bbox 539 4249 1701 4337; baseline 0.004 -24"><span class='ocrx_word' id='word_1_270' title='bbox 539 4250 687 4315; x_wconf 89' lang='lat' dir='ltr'>iubentur</span> <span class='ocrx_word' id='word_1_271' title='bbox 708 4271 783 4314; x_wconf 85' lang='lat' dir='ltr'>esse.</span> <span class='ocrx_word' id='word_1_272' title='bbox 821 4251 903 4316; x_wconf 82' lang='lat' dir='ltr'>Hine</span> <span class='ocrx_word' id='word_1_273' title='bbox 925 4271 996 4315; x_wconf 87' lang='lat' dir='ltr'>vero</span> <span class='ocrx_word' id='word_1_274' title='bbox 1019 4249 1182 4316; x_wconf 81' lang='lat' dir='ltr'>dimsteria</span> <span class='ocrx_word' id='word_1_275' title='bbox 1203 4272 1324 4337; x_wconf 87' lang='lat' dir='ltr'>quoque</span> <span class='ocrx_word' id='word_1_276' title='bbox 1345 4251 1385 4316; x_wconf 87' lang='lat' dir='ltr'>ad</span> <span class='ocrx_word' id='word_1_277' title='bbox 1406 4253 1506 4317; x_wconf 81' lang='lat' dir='ltr'>forum</span> <span class='ocrx_word' id='word_1_278' title='bbox 1524 4252 1587 4316; x_wconf 78' lang='lat' dir='ltr'>sita</span> <span class='ocrx_word' id='word_1_279' title='bbox 1609 4252 1701 4319; x_wconf 84' lang='lat' dir='ltr'>fuisse</span> 
     </span>
     <span class='ocr_line' id='line_1_34' title="bbox 540 4362 1701 4448; baseline 0.003 -22"><span class='ocrx_word' id='word_1_280' title='bbox 540 4384 633 4447; x_wconf 86' lang='lat' dir='ltr'>prope</span> <span class='ocrx_word' id='word_1_281' title='bbox 646 4362 752 4427; x_wconf 83' lang='lat' dir='ltr'>omnia</span> <span class='ocrx_word' id='word_1_282' title='bbox 766 4362 908 4445; x_wconf 60' lang='lat' dir='ltr'>colligam</span> <span class='ocrx_word' id='word_1_283' title='bbox 930 4368 1021 4448; x_wconf 86' lang='lat' dir='ltr'>atque</span> <span class='ocrx_word' id='word_1_284' title='bbox 1036 4363 1202 4445; x_wconf 80' lang='lat' dir='ltr'>colligeres,</span> <span class='ocrx_word' id='word_1_285' title='bbox 1224 4364 1346 4428; x_wconf 85' lang='lat' dir='ltr'>etiamsi</span> <span class='ocrx_word' id='word_1_286' title='bbox 1360 4364 1537 4428; x_wconf 86' lang='lat' dir='ltr'>testimonio</span> <span class='ocrx_word' id='word_1_287' title='bbox 1551 4364 1600 4428; x_wconf 86' lang='lat' dir='ltr'>uti</span> <span class='ocrx_word' id='word_1_288' title='bbox 1612 4364 1701 4430; x_wconf 82' lang='lat' dir='ltr'>nulla</span> 
     </span>
     <span class='ocr_line' id='line_1_35' title="bbox 541 4474 1701 4561; baseline 0.003 -22"><span class='ocrx_word' id='word_1_289' title='bbox 541 4496 654 4558; x_wconf 83' lang='lat' dir='ltr'>possea.</span> <span class='ocrx_word' id='word_1_290' title='bbox 678 4514 719 4523; x_wconf 90' lang='lat'><em>-</em></span> <span class='ocrx_word' id='word_1_291' title='bbox 742 4474 803 4540; x_wconf 85' lang='lat' dir='ltr'>Sed</span> <span class='ocrx_word' id='word_1_292' title='bbox 825 4475 863 4539; x_wconf 91' lang='lat' dir='ltr'>da</span> <span class='ocrx_word' id='word_1_293' title='bbox 885 4475 942 4540; x_wconf 81' lang='lat' dir='ltr'>hae</span> <span class='ocrx_word' id='word_1_294' title='bbox 964 4495 996 4538; x_wconf 87' lang='lat' dir='ltr'>re</span> <span class='ocrx_word' id='word_1_295' title='bbox 1011 4474 1116 4559; x_wconf 87' lang='lat' dir='ltr'>paullo</span> <span class='ocrx_word' id='word_1_296' title='bbox 1138 4475 1227 4554; x_wconf 74' lang='lat' dir='ltr'>iufra,</span> <span class='ocrx_word' id='word_1_297' title='bbox 1250 4475 1357 4554; x_wconf 73' lang='lat' dir='ltr'>ubido</span> <span class='ocrx_word' id='word_1_298' title='bbox 1370 4476 1498 4561; x_wconf 85' lang='lat' dir='ltr'>reliquis</span> <span class='ocrx_word' id='word_1_299' title='bbox 1520 4475 1701 4554; x_wconf 81' lang='lat' dir='ltr'>dicaatariia,</span> 
     </span>
    </p>
   </div>
   <div class='ocr_carea' id='block_1_5' title="bbox 540 4586 1234 4673">
    <p class='ocr_par' dir='ltr' id='par_1_6' title="bbox 540 4586 1234 4673">
     <span class='ocr_line' id='line_1_36' title="bbox 540 4586 1234 4673; baseline 0.001 -23"><span class='ocrx_word' id='word_1_300' title='bbox 540 4607 672 4671; x_wconf 84' lang='lat' dir='ltr'>quorum</span> <span class='ocrx_word' id='word_1_301' title='bbox 693 4589 824 4654; x_wconf 84' lang='lat' dir='ltr'>nemina.</span> <span class='ocrx_word' id='word_1_302' title='bbox 841 4587 994 4670; x_wconf 81' lang='lat' dir='ltr'>novimus,</span> <span class='ocrx_word' id='word_1_303' title='bbox 1018 4586 1234 4673; x_wconf 81' lang='lat' dir='ltr'>disputabitur.</span> 
     </span>
    </p>
   </div>
   <div class='ocr_carea' id='block_1_6' title="bbox 0 0 2246 5467">
    <p class='ocr_par' dir='ltr' id='par_1_7' title="bbox 0 0 2246 5467">
     <span class='ocr_line' id='line_1_37' title="bbox 0 0 2246 5467; baseline 0 0"><span class='ocrx_word' id='word_1_304' title='bbox 0 0 2246 5467; x_wconf 95' lang='lat' dir='ltr'> </span> 
     </span>
    </p>
   </div>
  </div>
 </body>
</html>
