4484 5467
921 608 964 662 DE
983 608 1094 664 OHORO
1113 610 1298 666 VESPARVM
1656 609 1697 675 89
1794 674 1796 678 .

535 780 608 845 tion
637 779 737 863 deest,
756 778 889 858 chorus,
924 779 997 845 dum
1030 782 1123 866 primi
1150 804 1257 848 versus
1284 783 1466 863 recitantur,
1499 781 1697 874 convertitur,

537 893 625 957 sicut
645 892 680 956 in
701 892 843 977 parabasi
864 892 952 957 Pacis
970 893 1088 958 factum
1110 895 1215 979 procul
1237 894 1329 958 dubio
1351 900 1412 972 est,
1434 914 1530 977 quum
1552 894 1596 959 ibi
1617 914 1698 959 com-

530 1004 634 1070 ·matii
665 1003 731 1070 loco
751 1023 858 1069 versus
886 1005 1072 1089 anapaestici
1099 1007 1270 1071 tetrametri
1299 1006 1362 1071 sint
1388 1006 1524 1090 quinque
1544 1011 1588 1070 et
1614 1011 1698 1071 sexto

538 1114 670 1182 demum
691 1136 781 1182 versu
804 1117 1033 1195 conversionem
1055 1118 1138 1183 chori
1161 1119 1281 1183 finitam
1303 1138 1368 1183 esse
1383 1127 1542 1204 appareat3
1564 1118 1699 1203 itemque

537 1229 576 1293 in
598 1228 844 1293 Acharnensium
864 1230 1007 1314 parabasi
1028 1231 1152 1309 factum,
1174 1230 1246 1295 licet
1268 1230 1343 1296 dnos
1364 1236 1487 1295 tantum
1508 1233 1699 1295 tetrametros

539 1339 688 1426 loquatur
710 1340 837 1422 (dhoune,
860 1361 959 1406 unum
981 1340 1020 1405 ad
1043 1348 1167 1421 actores,
1190 1342 1322 1407 alterum
1344 1342 1383 1407 ad
1404 1347 1601 1427 spectatores,
1624 1342 1699 1407 dum

539 1473 575 1519 se
603 1452 760 1518 convertit.
805 1452 920 1517 Verum
947 1471 1018 1516 eum
1048 1454 1082 1518 iir
1104 1455 1171 1519 ista
1197 1455 1302 1520 sabula
1328 1454 1451 1519 silentio
1471 1454 1633 1539 parthesin
1654 1456 1699 1519 ic·
1748 1525 1752 1536 ,

539 1565 636 1644 cisse,
665 1565 757 1629 verba
780 1564 850 1630 ἀλλ’
881 1566 1043 1636 ἀποδύντες
1070 1570 1135 1637 τοῖς
1166 1567 1359 1637 ἀναπαίστοις
1381 1568 1530 1653 ἐπίωμεν,
1557 1566 1701 1632 videntur

539 1677 689 1748 indicare.
733 1676 920 1761 Incipiamus
943 1686 1131 1762 anapaestos
1155 1677 1229 1742 dicit
1250 1678 1367 1758 chorus,
1389 1700 1466 1761 non,
1484 1699 1555 1744 cum
1569 1701 1701 1766 anapae-

539 1790 599 1855 stis
627 1788 870 1875 progrediamur3
907 1790 963 1854 hoo
983 1789 1082 1854 enim
1110 1795 1170 1855 est:
1198 1795 1262 1861 τοῖς
1284 1793 1477 1863 ἀναπαίστοις
1505 1795 1699 1881 παραβῶμεν.

538 1902 649 1986 Neque
677 1901 772 1966 etiam
803 1901 888 1966 istud
914 1902 1105 1990 παραβαίνειν
1134 1901 1216 1965 idern
1238 1908 1285 1967 est
1319 1898 1400 1985 quod
1427 1904 1575 1989 progredi.
1619 1904 1700 1969 Tho-

539 2012 861 2102 smophoriaznsarum
888 2012 1063 2098 parabasis,
1100 2033 1179 2098 quae
1208 2013 1331 2098 incipit:
1368 2017 1460 2100 ἡμεῖς
1486 2006 1585 2082 τοίνυν
1607 1999 1700 2103 ’ἦμᾶς

544 2126 637 2197 αὐτὰς
665 2123 700 2189 εὖ
730 2125 866 2211 λέξωμεν
896 2128 1086 2212 παραβᾶσαι,
1115 2125 1343 2190 conversionem
1370 2127 1483 2191 iactam
1509 2148 1574 2192 csse
1602 2148 1700 2213 neque

539 2236 677 2323 amplius
705 2236 845 2322 progredi
874 2236 1002 2300 chorum
1034 2236 1175 2301 ostendit.
1225 2238 1365 2321 Denique
1397 2238 1505 2304 chorus
1538 2260 1577 2303 ne
1609 2240 1701 2305 habet

538 2349 684 2436 quidem,
717 2369 777 2434 quo
798 2346 1023 2433 progrediatur,
1052 2349 1140 2434 isque
1162 2350 1283 2416 etiamsi
1304 2370 1358 2436 per
1380 2351 1494 2435 primos
1522 2357 1701 2437 anapaestos

541 2461 685 2528 nondum
707 2461 871 2527 stationem
893 2481 981 2526 suam
1004 2481 1165 2547 occupasse
1188 2461 1410 2528 existimandus
1438 2463 1495 2542 sit,
1524 2471 1702 2549 anapaestos

542 2580 654 2640 tamen
675 2578 759 2638 stans
781 2593 881 2658 neque
903 2579 958 2638 aut
979 2574 1059 2637 inter
1080 2575 1335 2659 progrediendum
1357 2581 1412 2640 aut
1432 2576 1514 2641 inter
1527 2576 1701 2641 saltandum

541 2685 696 2751 recitavit.
730 2687 796 2750 Iam
808 2685 966 2769 quaeritur
988 2691 1094 2752 utrum
1115 2687 1289 2751 recitaverit
1310 2688 1458 2770 choragus
1480 2688 1518 2754 ad
1540 2690 1634 2754 tibiae
1655 2709 1703 2754 so·

540 2818 623 2863 nnm
646 2803 840 2884 anapaestos,
872 2819 912 2861 an
935 2798 1079 2862 cecinerit
1100 2800 1209 2863 chorus
1232 2800 1344 2864 iunctis
1366 2800 1500 2865 vocibus.
1544 2802 1704 2887 Equidem,

543 2918 581 2976 ut
604 2910 739 2989 chorum,
762 2930 855 2994 quam
879 2909 1056 2993 saepissime
1078 2911 1146 2974 fieri
1167 2911 1309 2994 potuerit,
1332 2917 1431 2975 tatum
1454 2913 1599 2979 cecinisse
1622 2914 1704 2979 arbi-

544 3030 625 3101 tror,
653 3022 698 3086 ita
726 3022 818 3086 etiam
848 3027 1026 3107 anapaestos
1056 3026 1194 3086 cantatas
1222 3043 1288 3086 esse
1314 3028 1474 3108 propterea
1502 3024 1646 3104 dixerim,
1669 3031 1705 3090 ut

546 3135 704 3199 differrent
726 3134 921 3219 aliquantum
949 3135 988 3197 ab
1011 3112 1184 3218 anapaestis
1206 3133 1425 3214 diverbiorum,
1453 3136 1565 3220 quibus
1587 3157 1704 3201 comoe-

546 3246 615 3311 diae
629 3244 760 3331 pollont3
775 3251 913 3311 cantatos
924 3247 1027 3326 etiam,
1043 3252 1079 3311 ut
1093 3247 1202 3311 chorus
1217 3266 1249 3310 re
1264 3265 1336 3309 vera
1351 3246 1460 3312 chorus
1475 3247 1534 3326 sit,
1555 3248 1576 3312 i.
1592 3269 1618 3312 o.
1634 3269 1705 3314 can-

548 3363 603 3438 tet,
614 3359 689 3424 dum
702 3365 816 3424 actores
827 3358 1002 3442 loquantur.
1035 3358 1117 3422 Modi
1134 3364 1368 3444 anapaestorum
1384 3381 1446 3424 non
1458 3359 1591 3424 multum
1609 3359 1703 3425 alieni

548 3472 588 3535 ab
611 3471 741 3536 aliorum
764 3491 910 3535 versuum
932 3476 1179 3536 tetrametrorum
1201 3470 1331 3550 suerint,
1354 3471 1520 3537 ombateria
1542 3477 1704 3537 canuntur.

636 3582 747 3665 Pnigos
769 3584 834 3647 sive
857 3602 981 3647 macron
1003 3583 1108 3669 procul
1138 3583 1247 3665 dubio,
1276 3583 1397 3647 etiamsi
1423 3590 1602 3669 anapaestos
1630 3585 1706 3650 roci-

548 3701 630 3761 tatos
663 3717 727 3760 csse
755 3695 963 3760 demonstrare
984 3696 1097 3780 poesie,
1127 3700 1285 3761 cantatum
1314 3701 1359 3760 est
1388 3717 1406 3759 a
1433 3696 1524 3761 choro
1545 3702 1617 3762 toto.
1662 3698 1707 3761 De

551 3829 612 3892 quo
639 3807 748 3872 Pollux
774 3807 795 3871 l.
825 3807 845 3871 l.
874 3808 907 3871 τὸ
936 3809 968 3871 δὲ
997 3808 1222 3893 ὀνομαζόμενον
1254 3810 1366 3895 μακρὸν
1397 3810 1445 3873 ἐπὶ
1471 3818 1512 3894 τῇ
1539 3813 1706 3899 παραβάσει

553 3920 650 4009 βραχὺ
680 3919 836 4007 μελύδριον
866 3922 942 3984 ἐστιν
973 3922 1113 3984 ἀπνευστὶ
1141 3918 1298 4013 ᾀδόμενον.
1343 3920 1414 3984 Pari
1442 3922 1503 3984 fere
1530 3922 1564 3985 in
1595 3922 1707 3986 fabulis

551 4032 665 4097 nostris
697 4032 906 4114 longitudine,
940 4032 973 4094 in
1002 4031 1121 4095 Avibus
1161 4036 1192 4095 et
1229 4032 1550 4118 Thesmophoriazusis
1586 4034 1707 4117 longius

551 4166 646 4229 quam
674 4144 708 4207 in
735 4144 871 4228 reliquis.
921 4142 1051 4207 Videtur
1068 4148 1196 4222 autem,
1225 4144 1252 4208 si
1288 4146 1460 4229 anapaestis
1498 4146 1602 4211 modos
1634 4165 1707 4210 can-

550 4256 639 4323 tandi
669 4256 868 4338 concesseris,
898 4255 1005 4340 pnigos
1027 4255 1186 4319 modorum
1215 4256 1399 4341 particulam
1426 4258 1557 4343 priorem
1586 4258 1707 4342 saepius

551 4369 718 4455 repetisse,
741 4373 808 4431 tum
832 4367 950 4431 cantico
973 4366 1010 4429 ad
1039 4368 1133 4430 tinem
1154 4368 1299 4452 perducto
1321 4369 1471 4453 particula
1499 4369 1594 4432 altera
1621 4370 1707 4433 addi-

548 4486 611 4560 tur,
635 4481 681 4544 ita
702 4487 739 4544 nt
761 4499 866 4543 omnes
888 4478 981 4543 huius
1004 4479 1116 4544 cantici
1139 4482 1296 4567 anapaesti
1320 4487 1468 4565 tanquam
1496 4482 1591 4546 unius
1616 4486 1708 4546 tctra-

550 4592 645 4665 metri
668 4591 732 4659 loco
755 4592 827 4663 sint,
1250 4595 1251 4598 ’
