4484 5467
624 609 665 670 32
1014 604 1203 659 psittacon.
1239 605 1353 659 GAPVT
1370 604 1393 657 11

627 784 749 842 tantum
783 800 851 842 cunr
881 783 966 863 petre
996 777 1125 861 colloqui
1160 776 1364 840 existimanda
1391 782 1451 853 est,
1484 775 1635 859 prodeant
1664 800 1696 841 v.
1724 782 1787 857 114,

625 890 795 953 Mercurius
823 888 954 972 denique
984 910 1013 952 v.
1039 890 1116 966 180,
1140 888 1218 952 nihil
1248 888 1386 973 impedit,
1409 886 1486 971 quin
1502 887 1591 974 idem
1621 895 1711 953 actor
1732 898 1788 956 tres

629 1001 773 1086 deinceps
796 1007 866 1083 agat
887 1022 1043 1086 personus,
1066 1006 1121 1064 aut
1142 1001 1224 1064 idem
1247 1007 1328 1064 certe
1349 999 1435 1077 duas,
1457 1020 1580 1063 servum
1604 1000 1743 1066 alterum
1764 1011 1791 1066 et

625 1114 766 1191 filiolam,
795 1114 820 1177 si
844 1113 970 1197 quidem
992 1112 1217 1176 distributionis
1245 1114 1342 1194 legem
1365 1132 1503 1176 severam
1525 1132 1560 1175 ac
1582 1115 1790 1183 necessariam

626 1225 788 1289 defendere
812 1226 962 1310 cupimus.
1007 1225 1113 1307 ltaque
1136 1225 1162 1287 si
1185 1231 1305 1309 praeter
1332 1224 1546 1287 necessitatem
1567 1223 1626 1288 hoc
1648 1225 1719 1291 loco
1741 1252 1790 1291 πα-

627 1341 831 1425 ραχορήγημα
853 1336 946 1400 fuisse
969 1335 1090 1413 dicitur,
1114 1336 1228 1421 duplex
1251 1336 1317 1399 eins
1340 1336 1417 1400 ratio
1441 1340 1559 1399 exstare
1580 1335 1721 1417 videtur,
1750 1338 1791 1402 al-

625 1458 699 1528 tera,
723 1469 816 1532 quam
838 1433 947 1513 Pollux
969 1447 990 1510 l.
1004 1446 1025 1510 l.
1048 1447 1189 1533 explicat,
1212 1468 1307 1530 quum
1331 1454 1440 1532 quarto
1462 1467 1538 1532 opus
1561 1454 1609 1512 est
1631 1448 1791 1528 histrione,

626 1562 736 1639 altera,
770 1582 866 1644 quum
901 1566 1051 1643 tanquam
1083 1559 1179 1623 altero
1207 1559 1296 1623 chero
1325 1580 1401 1645 opus
1427 1566 1482 1622 est.
1533 1559 1581 1623 lta
1609 1561 1699 1625 enim
1728 1565 1792 1647 ipsa

625 1672 714 1736 Pacis
744 1693 834 1736 scena
856 1692 911 1735 nos
933 1672 1019 1735 iubet
1041 1670 1186 1748 iudicare,
1215 1678 1251 1735 ut
1279 1672 1391 1735 omissa
1412 1671 1468 1735 illa
1488 1671 1707 1756 explicatione,
1735 1694 1793 1757 qna

537 1814 539 1819 ·
627 1784 809 1848 histrionem
837 1783 972 1867 aliquem
1000 1804 1162 1868 personam
1189 1783 1285 1865 egisse
1313 1783 1424 1848 filiolae
1453 1784 1643 1867 reliquarum
1667 1785 1791 1850 nomine

629 1896 785 1979 querentis
807 1902 838 1959 et
859 1896 1036 1979 quaerentis
1056 1894 1242 1973 dicebamus,
1265 1915 1349 1959 nunc
1367 1916 1472 1960 omnes
1492 1896 1631 1980 primum
1653 1903 1792 1961 cantasse

629 2008 667 2071 ad
688 2007 796 2089 tragici
819 2007 901 2072 chori
923 2008 1074 2071 rationem
1102 2007 1182 2091 (ipse
1203 2007 1366 2071 scholiasta
1388 2008 1518 2071 Aeolum
1541 2008 1704 2093 Euripidis
1726 2032 1791 2095 per·

629 2120 738 2201 stringi
768 2119 865 2204 dicit),
894 2127 963 2184 tum
991 2119 1128 2201 singulas
1157 2118 1299 2203 deinceps
1327 2118 1444 2183 locutas
1472 2140 1537 2183 esse
1559 2120 1789 2185 contendamus.

631 2232 750 2317 Septies
773 2238 877 2296 autem
898 2237 953 2295 aut
974 2237 1097 2314 rogatur
1119 2237 1174 2295 aut
1195 2231 1395 2316 respondetur
1416 2230 1530 2309 afiliis,
1554 2237 1674 2316 septem
1687 2233 1790 2316 igitur,

629 2350 665 2407 ut
693 2343 737 2406 ita
765 2343 880 2422 dicam,
914 2344 1139 2431 παραχορευταί
1165 2344 1304 2421 fuerunt,
1339 2343 1501 2430 ἡμιχόριον
1532 2343 1611 2406 illud
1640 2346 1790 2427 tragicum

632 2476 702 2519 eum
731 2456 867 2539 Trygaeo
890 2456 1026 2537 chorago.
1070 2455 1472 2539 Atqueextraordinarium
1499 2454 1556 2519 hoe
1577 2455 1644 2520 loeo
1665 2456 1790 2522 chorum

631 2566 788 2652 prodiisse,
812 2567 907 2630 immo
922 2566 1048 2629 latuisse
1065 2566 1115 2630 vel
1137 2566 1170 2630 in
1194 2566 1301 2631 domus
1324 2566 1419 2631 ianua
1439 2567 1560 2642 stetisse
1580 2588 1679 2653 paene
1695 2568 1790 2633 occul-

519 2766 521 2771 ,
630 2685 707 2756 tum,
730 2678 910 2743 scholiastae
932 2698 1052 2763 quoque
1074 2679 1167 2742 verba
1188 2678 1340 2744 indicant:
1362 2678 1427 2743 εἶτα
1449 2680 1524 2765 πρὸς
1547 2681 1635 2745 οὐδὲν
1660 2680 1706 2745 ἔτι
1728 2681 1788 2755 111-

630 2814 693 2862 rore
720 2793 880 2877 χρήσεται,
909 2811 1006 2874 quum
1035 2790 1069 2853 in
1097 2790 1204 2854 eadem
1230 2789 1335 2854 fabula
1364 2797 1473 2874 quarto
1499 2791 1663 2870 histrione,
1699 2793 1789 2857 altero

612 2906 916 2990 ·παραχορηγήματι,
939 2902 1061 2987 saepius
1083 2902 1125 2966 sit
1146 2902 1216 2966 aliis
1238 2902 1312 2965 locis
1327 2922 1420 2987 opus3
1442 2902 1582 2967 indicant
1596 2903 1693 2968 etiam
1708 2904 1789 2968 sciro

631 3014 739 3078 liastae
762 3016 854 3079 verba
882 3014 921 3078 ad
949 3014 1026 3078 Ran.
1050 2998 1128 3078 ‘2092
1152 3016 1310 3102 βατράχων
1334 3019 1581 3102 παραχορήγημα
1604 3054 1646 3063 -
1668 3016 1789 3080 Venet:

600 3182 611 3193 ,
632 3132 725 3191 ταῦτα
748 3131 881 3190 καλεῖται
904 3128 1204 3213 παραχορηγήματα·
1234 3128 1337 3211 ἐπειδὴ
1369 3126 1428 3212 οὐχ
1452 3128 1580 3213 ὁρῶνται
1603 3128 1634 3191 ἐν
1657 3136 1708 3214 τῷ
1727 3130 1790 3193 111·

632 3263 694 3325 τρῳ
720 3240 747 3301 et
771 3241 925 3326 βάτραχοι,
954 3239 1026 3303 οὐδὲ
1057 3238 1072 3300 1
1095 3236 1200 3323 χορός,
1221 3237 1293 3302 ἀλλ’
1321 3236 1439 3303 ἔσωθεν
1465 3244 1625 3325 μιμοῦνται
1648 3240 1724 3311 τοὺς
1746 3244 1791 3328 βα·

632 3354 778 3436 τράχους·
810 3351 826 3412 1
850 3352 883 3413 δὲ
906 3352 1031 3435 ἀληθῶς
1053 3350 1147 3436 χορὸς
1169 3350 1203 3413 ἐκ
1224 3353 1285 3413 τῶν
1308 3349 1442 3438 εὐσεβῶν
1466 3356 1579 3437 νεκρῶν
1604 3352 1792 3438 συνέστηκεν,

632 3461 715 3524 1111
748 3461 857 3525 saltem
886 3458 1084 3540 111111111,
1118 3467 1227 3531 cantus
1258 3461 1391 3525 choricos
1423 3482 1502 3546 pone
1534 3482 1659 3526 scenam
1689 3463 1791 3527 secari

567 3637 569 3641 ,
633 3575 933 3659 παραχορηγήματα,
966 3578 1180 3649 verumtamen
1208 3592 1270 3636 non
1298 3573 1411 3651 discas,
1440 3573 1528 3636 binos
1556 3574 1651 3637 fuisse
1678 3575 1792 3652 chores,

633 3683 686 3746 sed
709 3682 810 3767 petius
833 3684 957 3749 chorum
980 3683 1110 3764 fabulae,
1134 3690 1301 3769 antequam
1324 3685 1366 3747 in.
1380 3685 1565 3748 orchestram
1587 3685 1792 3763 descenderet,

634 3795 926 3880 parachoregematis
948 3796 1083 3861 officium
1105 3796 1303 3882 praestitisse.
1347 3796 1434 3872 Quod
1462 3818 1559 3880 quum
1589 3817 1652 3882 per·
1671 3819 1705 3862 se
1734 3819 1794 3864 111

634 3906 745 3970 111111
767 3906 940 3972 offensionis
963 3909 1147 3992 quidquam,
1177 3908 1272 3971 etiam
1299 3908 1333 3970 in
1355 3908 1442 3972 Pacis
1465 3908 1569 3972 sabula
1590 3911 1709 3973 factum
1732 3930 1794 3980 esse

635 4017 754 4097 111111,
784 4019 837 4082 111
867 4019 975 4084 chorus
1004 4026 1072 4104 post
1094 4019 1320 4104 quinquaginta
1342 4019 1467 4084 demum
1488 4026 1519 4083 et
1540 4026 1666 4085 centum
1688 4043 1794 4087 versus

634 4130 738 4195 intrat.
787 4130 854 4194 lluo
883 4131 978 4213 igitur
1006 4132 1080 4196 haee
1114 4137 1188 4196 sunt
1215 4131 1500 4216 parachoregemata
1533 4134 1571 4196 ab
1604 4134 1671 4219 ipso
1705 4134 1794 4198 choro

635 4242 773 4335 expletaq
797 4241 859 4305 alia
886 4264 957 4307 vero
985 4265 1046 4308 non
1069 4250 1198 4329 possunt
1227 4242 1286 4307 nisi
1310 4244 1440 4308 achone
1463 4244 1703 4310 extraordinario
1726 4267 1794 4332 pro

635 4356 727 4419 ducta
748 4374 827 4432 esse,
856 4360 892 4417 ut
913 4354 1067 4419 Laconum
1095 4360 1127 4418 et
1154 4356 1391 4420 Atheniensium
1420 4356 1529 4421 chorus
1556 4357 1589 4420 in
1616 4357 1679 4421 fine
1707 4358 1794 4441 Lysi-

636 4472 763 4544 stratae,
792 4483 889 4549 quum
911 4466 1019 4532 chorus
1047 4489 1158 4532 senum
1189 4463 1415 4552 mulierumque
1449 4490 1510 4531 non
1543 4468 1638 4553 possit
1671 4476 1794 4555 propter

636 4578 781 4663 temporis
808 4579 965 4662 angustias
993 4585 1048 4643 aut
1074 4580 1215 4644 habitum
1243 4589 1362 4645 mutare
1385 4586 1439 4643 aut
1461 4581 1586 4643 omnino
1609 4581 1793 4652 orchestram
