4484 5467
550 634 592 699 06
924 629 1114 687 rnonncou.
1150 599 1316 685 cirvrm

550 807 859 871 ποποποποποποποῦ
882 809 914 868 01
926 802 1207 869 annuntiandae
1229 822 1305 866 num
1327 801 1398 898 quis
1420 821 1566 888 unquam
1580 802 1700 870 credide

549 917 656 981 riteh
683 936 746 982 nno
772 916 917 981 choreuta
943 920 1101 979 cantatum
1130 913 1217 978 esse?
1246 934 1322 978 num
1349 912 1429 978 illud
1456 919 1539 996 ποῦ;
1570 922 1629 997 πᾶς
1649 922 1701 989 πᾶς

549 1032 624 1116 φής
647 1031 795 1094 Attamen
816 1029 844 1093 si
865 1028 919 1113 001
940 1028 1018 1111 0101,
1046 1026 1079 1090 hi
1107 1031 1292 1109 cognoscant
1311 1025 1406 1090 velim
1428 1026 1540 1092 avium
1554 1034 1701 1104 naturam
1733 1103 1735 1108 ,

549 1160 649 1226 00000
670 1140 730 1206 alio
751 1139 927 1205 testimonio
948 1158 1025 1224 opus
1046 1138 1113 1202 erit
1157 1138 1338 1216 Simillima,
1367 1144 1404 1201 ut
1432 1138 1492 1203 hoc
1520 1140 1624 1207 obiter
1649 1161 1701 1205 nro·

548 1237 648 1332 neam,
670 1253 802 1318 conditio
824 1249 939 1316 Orestis
959 1249 1158 1336 Euripideac,
1180 1269 1199 1312 a
1221 1248 1314 1314 schol.
1335 1249 1408 1314 Itur.
1430 1250 1551 1315 Phocn.
1575 1253 1641 1317 210
1661 1252 1701 1317 dc·

548 1366 659 1443 fonsae,
681 1364 842 1429 simillima
862 1364 955 1427 etiam
977 1360 1086 1446 Oedipi
1108 1360 1233 1426 Colonci
1254 1367 1311 1426 est.
1354 1361 1452 1427 Cuius
1474 1362 1606 1429 fabulae
1626 1386 1701 1450 parc

548 1477 620 1555 dus,
642 1455 748 1562 utpote
770 1495 940 1560 quaecum
962 1472 1088 1557 reliquis
1110 1479 1318 1559 comparetur,
1348 1480 1379 1537 et
1401 1473 1591 1540 breuissima
1612 1484 1702 1541 estet

495 1653 497 1657 ,
548 1594 685 1653 actorum
706 1587 807 1652 verbis
828 1586 1009 1672 interrupta.
1042 1584 1088 1648 De
1110 1606 1172 1669 qua
1192 1606 1264 1651 curn
1287 1584 1492 1670 disceptatum
1515 1587 1569 1665 sit,
1594 1608 1633 1652 ex
1654 1609 1703 1674 qm

547 1708 683 1786 tempore
711 1699 894 1764 Plutarchus
920 1698 984 1761 sive
1019 1696 1131 1760 calami
1163 1696 1251 1782 lapsu
1285 1698 1350 1761 sive
1381 1697 1551 1762 memoriae
1587 1701 1703 1765 stasimo

548 1811 754 1898 pulcherrimo
774 1831 886 1875 nomen
907 1807 1020 1874 indidit
1043 1808 1159 1895 paredi.
1181 1829 1264 1872 nunc
1285 1807 1358 1872 data
1379 1810 1538 1875 occasione
1567 1811 1703 1877 brevibus

549 1926 736 1990 sententiam
763 1943 865 1987 meam
898 1921 1006 1985 dicam.
1050 1919 1180 1984 Videtur
1213 1927 1318 1985 autem
1345 1922 1522 1986 Aristotelis
1553 1922 1703 2011 'definitio
1731 1981 1733 1986 .

547 2041 568 2123 ἡ
591 2042 725 2125 πάροδος
746 2037 848 2123 πρώτη
872 2034 949 2108 λέξις
972 2034 1045 2098 ὅλου
1067 2037 1165 2119 χοροῦ
1188 2038 1220 2095 01
1240 2031 1440 2097 Plutarchum
1468 2040 1501 2098 et
1532 2034 1615 2101 alios
1644 2059 1702 2123 per·

545 2149 692 2229 movisse,
721 2152 758 2211 ut
785 2147 910 2211 chorum
939 2164 1010 2208 cum
1037 2144 1151 2207 mentis
1178 2143 1311 2229 quadam
1332 2144 1565 2228 perturbatione
1583 2159 1702 2234 ‘progne

543 2263 681 2325 ‘dientem
703 2280 759 2324 neo
781 2258 870 2322 certis
892 2256 1050 2322 ordinibus
1071 2256 1212 2320 incedere
1233 2276 1290 2319 nec
1311 2255 1435 2319 omnino
1456 2258 1615 2341 parodum
1637 2260 1702 2344 legi·

545 2375 655 2437 timam
687 2373 784 2435 facere
816 2370 991 2452 cogitarent.
1041 2358 1135 2444 Quod
1153 2375 1256 2431 tamen
1290 2366 1379 2449 longe
1413 2365 1505 2431 aliter
1539 2392 1574 2435 00
1611 2373 1702 2437 habet

546 2484 681 2549 Parodus
703 2484 786 2546 enim
808 2482 926 2567 primus
948 2480 1092 2543 introitus
1120 2484 1166 2542 est
1194 2479 1278 2543 chori
1306 2500 1404 2563 quum
1431 2480 1542 2561 tragici
1566 2490 1640 2549 tum
1661 2505 1701 2549 oo

545 2595 627 2659 mici.
663 2595 698 2657 ln
714 2593 864 2671 omnibus,
887 2612 962 2677 ques
977 2592 1129 2672 novimus,
1151 2590 1267 2655 sabulis
1282 2591 1390 2656 chorus
1411 2598 1495 2655 totus
1511 2600 1610 2679 atque
1632 2598 1701 2661 inte

547 2728 598 2790 ger
626 2708 722 2772 intrat
742 2706 776 2769 in
798 2705 997 2781 orchestram,
1019 2703 1083 2766 sive
1106 2703 1196 2766 certis
1217 2703 1282 2767 sive
1297 2703 1404 2767 solutis
1423 2704 1522 2770 intrat
1537 2708 1699 2785 ordinibus

547 2820 611 2883 sivo
640 2819 766 2882 incitato
794 2818 859 2881 sive
886 2814 1005 2902 placido
1027 2835 1140 2896 gressu.
1189 2815 1255 2878 lam
1282 2836 1378 2899 quum
1406 2814 1522 2901 duplex
1551 2820 1596 2883 sit
1625 2820 1699 2885 verbi

545 2934 678 3017 πάροδος
700 2908 889 3013 significatio,
912 2928 1009 2991 altera
1028 2928 1130 3013 prima
1151 2927 1232 2990 chori
1254 2926 1347 2990 uerba
1362 2926 1410 2990 vel
1424 2928 1565 3012 primum
1581 2940 1698 2997 000100

544 3043 669 3107 iudicat.
712 3044 818 3127 ltaque
846 3061 943 3125 quum
970 3039 1101 3123 parodus
1128 3045 1293 3122 utrumque
1321 3039 1487 3121 significet,
1517 3048 1551 3105 01
1572 3044 1697 3127 primaru

545 3156 628 3220 chori
651 3156 818 3220 orationem
840 3158 1003 3217 centumve
1030 3155 1061 3215 ct
1086 3151 1222 3236 primum
1248 3151 1424 3228 introitum,
1451 3171 1544 3217 nemo
1571 3162 1622 3219 est
1653 3155 1695 3239 qui

538 3281 576 3331 'rc
600 3268 703 3354 paullo
724 3264 896 3332 accuratius
918 3267 1074 3349 perspecta
1096 3284 1202 3327 versus
1224 3262 1307 3327 chori
1328 3262 1452 3347 primos,
1468 3261 1543 3327 Oed.
1560 3266 1626 3331 Col.
1643 3267 1693 3330 111

539 3401 610 3464 000.
631 3379 780 3466 paredum
801 3397 866 3440 0000
888 3395 997 3458 negare
1018 3375 1123 3459 possit.

547 3535 550 3539 -
626 3491 679 3554 Vl.
721 3488 954 3553 vindicavimus
981 3486 1102 3550 Comico
1131 3492 1162 3549 et
1188 3486 1351 3571 paredum,
1388 3506 1466 3570 0000
1500 3492 1626 3576 proprie
1657 3490 1691 3555 sic

543 3602 672 3680 dicatur,
695 3602 865 3684 Vesperum
893 3605 931 3662 01-
956 3598 1082 3661 chorum
1111 3598 1222 3680 viginti
1245 3604 1389 3681 quattuor
1410 3599 1630 3666 choreutarnm
1651 3624 1691 3667 00

540 3713 671 3777 mitante
696 3733 862 3798 puerorum
884 3719 1013 3774 caterve.
1057 3710 1146 3773 Nunc
1168 3711 1202 3773 in
1230 3710 1288 3773 iter
1315 3710 1398 3773 chori
1421 3710 1587 3793 intrantis,
1611 3713 1691 3799 quale

541 3823 647 3902 fuerit,
677 3823 905 3907 inquirendum.
955 3822 1082 3885 Necesse
1110 3829 1170 3900 est,
1200 3821 1340 3899 chorum,
1377 3821 1431 3886 ubi
1460 3823 1599 3906 primurn
1632 3828 1689 3891 eius

540 3937 648 4018 iugum
671 3936 869 4020 conspicuum
892 3935 938 4012 fit,
970 3933 1018 3997 vel
1046 3934 1149 4011 ctiam,
1172 3933 1247 3999 dum
1269 3934 1304 3997 in
1326 3934 1438 4018 paredo
1458 3934 1572 3999 theatri
1596 3927 1690 4001 ¹uersa·

539 4055 604 4127 tur,
628 4068 736 4112 canere
758 4048 900 4133 coepisse,
924 4065 985 4109 000
1008 4046 1157 4123 recitare,
1176 4053 1212 4109 ut
1233 4046 1429 4110 Hermannus
1451 4046 1537 4110 iubet
1558 4046 1579 4111 l.
1602 4048 1624 4112 1.
1645 4049 1690 4134 (de

538 4181 600 4246 000
628 4181 659 4223 00
685 4160 820 4246 postea);
849 4179 972 4222 necesse
999 4178 1129 4242 quoquc,
1163 4156 1294 4220 cundem
1327 4157 1407 4221 inter
1439 4158 1689 4243 progrediendum

537 4274 691 4346 cecinisse,
714 4272 808 4335 donec
830 4270 869 4334 ad
891 4269 980 4333 illum
1002 4268 1103 4333 locum
1125 4269 1294 4333 orchestrae
1318 4270 1499 4355 pervenerit,
1521 4271 1606 4336 unde
1621 4274 1689 4339 Phi·

537 4386 702 4450 locleoncm
734 4390 829 4448 cantu
860 4390 961 4468 posset
1000 4382 1141 4445 excitare.
1195 4381 1308 4444 Versus
1349 4388 1422 4445 sunt
1464 4380 1595 4463 triginta
1631 4409 1688 4463 scr,

538 4498 722 4577 aaa—2653
744 4517 817 4560 nam
839 4514 910 4557 cum
931 4515 960 4557 v.
983 4495 1046 4558 ‘266
1068 4512 1156 4557 senes
1178 4492 1241 4557 iam
1263 4499 1335 4556 ante
1365 4494 1438 4556 socii
1467 4493 1593 4563 domum
1622 4502 1690 4566 sub·

535 4609 651 4673 stitisse
670 4616 807 4694 apparet,
828 4628 925 4694 quum
946 4612 1073 4671 canant:
1097 4605 1154 4668 0ὑο
1174 4611 1230 4689 τῆς
1253 4606 1347 4674 οἰκίας
1368 4608 1463 4688 τῆσδε-
1485 4604 1689 4689 ουνόικαστής.
