4484 5467
745 616 790 669 DE
809 616 969 671 TEMPORE
987 617 1146 671 FABVLAE
1164 618 1350 672 vhsrnnvu
1369 618 1479 673 AGTAE
1656 621 1698 686 28

538 789 692 875 optimum
714 787 871 853 nominavi
887 788 1051 874 specimen,
1074 781 1254 873 argumento
1265 789 1389 854 Medeae
1405 792 1498 855 verba
1521 794 1556 857 οὐ
1573 795 1698 866 σώζεται

538 922 604 966 non
625 906 755 987 possunt
779 899 994 987 Aristophanis
1017 923 1091 980 esse,
1114 908 1169 966 aut
1185 902 1217 984 si
1238 903 1373 980 fuerunt,
1397 903 1562 987 depravata
1584 904 1700 968 alieno-

538 1035 599 1099 que
620 1012 685 1078 loeo
705 1012 813 1099 posita
862 1013 940 1078 Cum
961 1014 1069 1079 Medea
1096 1014 1181 1084 enim
1205 1013 1340 1099 reliquas
1361 1015 1548 1100 superfuisse
1575 1014 1699 1080 tetralo-

538 1125 608 1207 giae
622 1124 742 1189 fabulas
764 1125 830 1211 ipso
852 1126 1044 1209 grammatici
1066 1132 1203 1213 temporo
1224 1148 1279 1212 per
1300 1148 1334 1192 se
1356 1133 1491 1212 apparet,
1513 1127 1698 1211 superfuisse
1782 1207 1784 1209 q

538 1239 635 1304 etiam
653 1228 845 1321 'reliquorum
867 1245 1107 1304 consentaneum
1129 1246 1191 1318 cst3
1219 1238 1347 1325 periisse
1368 1244 1473 1323 autem
1494 1238 1699 1324 Euphorionis
1824 1266 1826 1269 ⁴

538 1350 660 1415 fabulas
682 1349 746 1414 iam
767 1350 816 1415 his
838 1350 1026 1436 temporibus
1049 1350 1293 1416 Ptolemaeorum
1314 1351 1413 1434 magis
1435 1356 1481 1415 est
1500 1349 1565 1415 veri
1587 1351 1697 1430 simile,
1791 1437 1794 1445 ,

537 1460 674 1527 utillud
698 1461 734 1525 οὐ
759 1464 885 1537 σώζεται
913 1462 1016 1547 potius
1045 1461 1084 1525 ad
1105 1460 1334 1552 Euphorionem
1361 1462 1467 1526 referri
1487 1461 1593 1547 possit.
1638 1460 1699 1526 Sed

536 1573 662 1640 videtur
682 1562 928 1637 additamentum
942 1594 1008 1638 esse
1031 1574 1212 1639 scholiastae
1226 1574 1367 1639 Medeam
1389 1572 1583 1658 explicantis,¹
1604 1573 1698 1637 nihil·

538 1707 599 1771 que
627 1684 690 1749 nisi
717 1683 916 1752 didacaliam
946 1685 1006 1750 ista
1033 1686 1151 1751 ratione
1179 1686 1377 1772 depravatam
1398 1707 1471 1770 prae
1493 1706 1526 1749 se
1548 1684 1699 1750 habentis.

625 1795 706 1860 XVI.
749 1796 817 1861 lam
844 1817 941 1880 quum
969 1818 1009 1860 ne
1038 1818 1102 1861 una
1129 1797 1255 1881 quidem
1283 1796 1449 1861 didascalia
1475 1796 1545 1874 tali,
1574 1796 1696 1880 qualem

537 1906 719 1974 Aristoteles
742 1907 936 1993 descripserit
959 1929 996 1971 ex
1010 1909 1229 1987 monumentis,
1251 1908 1299 1973 nti
1321 1930 1376 1974 nos
1398 1916 1553 1994 appareat,
1575 1909 1628 1973 sed
1643 1909 1718 1972 de-·

537 2024 689 2091 truncatis
710 2022 782 2101 illis,
805 2020 1002 2099 circumcisis,
1025 2021 1119 2085 variis
1141 2021 1359 2102 additamentis
1381 2022 1563 2107 depravatis,
1592 2030 1695 2087 aucto

537 2137 662 2201 ritatem
683 2141 787 2200 tamen
809 2134 1059 2214 fragmentorum,
1081 2153 1160 2216 qnae
1182 2137 1313 2196 aetatem
1334 2133 1482 2211 tulerunt,
1504 2134 1595 2197 multi
1623 2142 1696 2198 sunt

540 2248 595 2331 qui
618 2245 809 2317 defenderint
830 2245 883 2322 ita,
906 2250 942 2308 ut
964 2243 1148 2309 didascalica
1169 2266 1240 2309 cum
1257 2244 1437 2309 -didascaliis
1457 2246 1564 2329 utique
1581 2247 1694 2332 permi-
1769 2237 1771 2241 ’

539 2358 668 2424 scercn't.
702 2358 787 2421 lnter
809 2378 883 2440 quos
898 2356 997 2440 primo
1020 2356 1084 2421 loco
1102 2355 1181 2419 mihi
1196 2356 1403 2433 nominandus
1425 2364 1472 2421 est
1485 2358 1534 2421 vir
1549 2358 1697 2441 egregius,

541 2478 703 2558 poetarum
724 2467 914 2533 scenicorum
935 2466 1112 2552 sospitator,
1136 2466 1327 2546 Welclrerus,
1357 2469 1411 2552 qui
1439 2468 1473 2532 in
1503 2491 1591 2554 opere
1614 2470 1697 2534 aleae

539 2582 756 2664 doctrinaeque
771 2580 964 2667 plenissimo:
985 2580 1043 2644 Die
1065 2580 1274 2663 griechischen
1297 2581 1495 2663 Tragoedien,
1518 2588 1566 2647 sat
1589 2583 1696 2647 multis

537 2695 612 2760 locis
626 2692 874 2770 didascaliarum,
890 2713 966 2776 quas
982 2697 1077 2770 vocat,
1097 2691 1276 2756 auctoritate
1292 2692 1387 2771 nisus,
1403 2714 1557 2777 nusquam
1571 2695 1696 2779 liquide,
1728 2684 1731 2701 ’

494 2795 497 2803 ’
538 2808 614 2893 quid
636 2807 788 2889 significet
803 2805 942 2869 -verbum
970 2805 1158 2881 διδασκαλία,
1186 2810 1241 2868 aut
1269 2804 1348 2868 dixit
1369 2811 1424 2870 aut
1451 2807 1568 2885 docuit3
1601 2807 1696 2871 immo

537 2921 583 2984 ita
605 2940 679 2983 usus
713 2907 777 2996 cst,
804 2923 840 2981 ut
864 2914 953 2999 quasi
981 2936 1056 2999 opus
1085 2914 1237 2997 quoddam
1265 2915 1395 2979 alicuius
1422 2917 1620 2999 magistratus
1642 2938 1696 3002 pro

538 3030 664 3096 arbitrio
687 3029 736 3093 vel
763 3028 939 3114 recipientis
963 3026 1011 3090 vel
1033 3025 1200 3091 reiicientis
1221 3033 1381 3112 poetarum
1400 3028 1644 3113 ,fabularumque
1666 3038 1697 3093 et

538 3151 677 3209 actarum
700 3150 732 3208 et
746 3142 931 3227 scriptarum
953 3147 984 3204 et
997 3146 1231 3205 retractatamm
1244 3141 1371 3206 nomina
1392 3141 1486 3211 fuisse
1500 3140 1698 3205 existimaret.

538 3258 588 3321 Ita
610 3256 662 3319 ille
685 3278 714 3341 p.
739 3257 793 3319 76:
819 3253 1081 3337 „Umgearbeitete
1103 3252 1224 3333 Sticho,
1247 3252 1297 3317 die
1318 3253 1406 3317 nicht
1427 3273 1486 3317 von
1508 3241 1626 3316 Neuem
1647 3254 1703 3338 auf

539 3367 719 3431 die'Bfihne
742 3365 885 3449 gebracht
908 3364 1041 3443 wurden,
1064 3349 1199 3429 nahmen
1222 3365 1271 3429 die
1285 3364 1493 3442 Didaskalien,
1516 3363 1573 3426 wie
1592 3367 1698 3427 natiir·

538 3478 601 3543 lich
635 3478 676 3543 ist
697 3478 762 3543 und
790 3478 847 3541 wie
868 3478 1083 3543 Eratosthenes
1105 3477 1220 3562 (Schol.
1241 3477 1321 3542 Nub.
1345 3478 1422 3561 552)
1453 3477 1588 3558 bezeugt,
1612 3475 1698 3540 nicht

532 3589 607 3670 auf3
634 3611 694 3654 von
718 3568 892 3673 Sopholrlcs⁹
913 3588 985 3651 aber
1007 3587 1048 3652 ist
1069 3609 1101 3652 es
1124 3592 1197 3652 cher
1218 3610 1257 3652 nn
1280 3594 1444 3665 erwarten,
1467 3587 1536 3651 dass
1558 3587 1607 3651 die
1628 3608 1697 3651 ver·
1827 3585 1830 3589 “

539 3684 687 3766 anderten
709 3699 898 3782 Tragoedien
925 3699 1003 3764 auch
1030 3711 1102 3762 ¹zum
1130 3698 1245 3762 andern
1267 3699 1329 3762 Mal
1357 3699 1390 3762 in
1423 3698 1472 3763 die
1499 3697 1697 3763 Didaskalien

540 3811 727 3895 gelrommen·
755 3816 883 3874 waren.“
930 3812 973 3875 At
1006 3810 1212 3875 certissimum
1233 3818 1294 3890 est,
1328 3812 1434 3883 ctiamv
1449 3812 1564 3875 summi
1592 3823 1698 3897 poetae

539 3923 660 3987 fabulas
682 3928 870 4001 retractatas,
892 3915 956 3987 nisi
968 3922 1073 3987 doctae
1095 3922 1219 4000 fuerint,
1240 3923 1336 4007 recipi
1359 3944 1419 3987 non
1442 3924 1577 4007 potuisse
1599 3946 1698 4009 neque

540 4037 574 4100 in
596 4041 797 4100 monumenta
818 4056 922 4100 annua
940 4056 1039 4120 nequo
1060 4034 1094 4098 in
1110 4034 1318 4099 collectionem
1332 4042 1610 4114 monumentorum,
1634 4037 1697 4099 sive

540 4147 720 4213 Aristoteles
742 4147 807 4211 sive
828 4146 908 4210 clius
929 4146 999 4230 quis
1018 4144 1090 4209 fecit
1110 4145 1251 4230 primam.
1295 4145 1379 4209 Idem
1404 4146 1451 4209 vir
1471 4147 1602 4210 eximius
1622 4169 1698 4231 opus

541 4260 695 4346 quoddam
723 4259 815 4324 arctis
849 4259 962 4323 finibus
991 4257 1256 4342 circumscriptum
1278 4258 1337 4322 sibi
1368 4257 1471 4340 fingit,
1505 4236 1601 4340 quum
1623 4258 1698 4321 dicit

541 4394 572 4458 p.
588 4374 645 4437 86:
669 4370 746 4453 „Die
763 4370 978 4435 Didaskalieen
992 4369 1128 4433 reichten
1144 4370 1192 4432 fiir
1206 4368 1426 4453 Aristophanes
1448 4367 1535 4432 nicht
1556 4389 1620 4447 aus,
1643 4391 1697 4433 um

540 4486 617 4550 iiber
639 4484 698 4549 alle
713 4482 824 4547 Stiicke
847 4503 885 4546 zu
901 4481 1112 4546 entscheiden:
1135 4519 1176 4527 —
1199 4502 1232 4545 so
1247 4480 1358 4544 kamen
1373 4478 1461 4542 darin
1477 4478 1553 4542 doch
1567 4480 1697 4543 schwer-

542 4596 604 4665 lich
626 4594 685 4659 alle
708 4594 880 4683 diejenigen
901 4615 970 4673 vor,
993 4593 1106 4658 welche
1129 4593 1181 4656 der
1199 4595 1327 4679 jiingere
1349 4568 1517 4675 Sopholrles
1539 4592 1610 4656 oder
1630 4593 1697 4658 An·
