4484 5467
621 618 666 671 DE
683 619 856 672 IVDIGIBVS
875 618 1133 673 ATHENIENSIVM
1150 617 1331 683 REBVSQVE
1349 618 1578 674 lVDlOthlBVS
1643 623 1703 687 103

538 793 611 857 lam
633 812 705 857 vero
727 790 857 857 nomina
884 788 1089 855 tribunalium
1111 788 1148 852 de
1169 790 1268 854 forma
1288 790 1390 856 locove
1412 811 1474 854 non
1495 791 1631 855 multum
1650 814 1706 859 nos

539 903 695 991 suspicari
723 903 847 983 sinunt3
876 923 950 966 nam
977 921 1055 985 quae
1083 900 1174 986 Vesp.
1190 902 1281 965 1109
1309 902 1509 968 nominantur
1536 903 1705 970 tribunalia

537 1037 681 1098 numero,
703 1014 892 1095 atridam,
914 1017 1072 1097 quattuor:

586 1132 616 1195 οί
639 1130 693 1215 μὲν
717 1130 807 1212 ἡμῶν
831 1123 924 1211 οὗπερ
947 1124 1062 1210 ἅρχων,
1086 1124 1114 1186 οἱ
1137 1124 1171 1187 δὲ
1193 1126 1274 1210 παρὰ
1295 1124 1366 1194 τοὺς
1387 1124 1499 1208 (sord)
1520 1126 1637 1205 ἕνδεκα,

587 1244 617 1306 οἱ
639 1239 669 1305 δ’
692 1241 724 1305 ἐν
748 1236 850 1325 ᾠδείῳ
873 1233 1042 1312 δικάζοοσ’,
1065 1235 1093 1313 οἱ
1116 1234 1150 1298 δὲ
1172 1235 1246 1319 πρὸς
1267 1239 1331 1306 τοῖς
1352 1237 1484 1322 τειχίοις,

539 1374 579 1418 ea
600 1352 655 1417 vix
675 1356 804 1436 possunt
824 1348 873 1412 his
888 1345 1065 1412 nominibus
1079 1344 1233 1430 appellata
1247 1366 1322 1427 esse,
1344 1346 1398 1411 sed
1411 1346 1577 1413 scholiasta
1590 1372 1699 1415 verum

539 1462 666 1529 videtur
687 1462 815 1527 dixisse:
842 1463 932 1524 rodco
956 1457 989 1522 δέ
1011 1480 1084 1542 φησι
1115 1457 1230 1527 δεικνὺς
1252 1456 1295 1521 ὅτι
1317 1459 1359 1529 εἰς
1381 1462 1477 1524 πάντα
1498 1459 1589 1526 τόπον
1612 1463 1699 1549 εὑρή-

541 1601 589 1643 σει
617 1599 660 1645 τις
688 1573 828 1643 δικαστὰς
854 1573 885 1636 ἐν
914 1578 956 1655 τῇ
980 1568 1112 1651 Ἀττικῇ.
1156 1567 1237 1631 Nam
1264 1568 1339 1652 quid
1360 1569 1420 1634 sibi
1442 1571 1510 1636 vult
1533 1570 1626 1659 οὕπερ
1649 1575 1700 1659 ἅρ-

539 1686 630 1775 χωνί
659 1691 744 1751 estne
772 1682 926 1748 dicasterii
953 1681 1047 1763 locus,
1076 1699 1168 1763 quem
1190 1679 1303 1744 archon
1325 1679 1498 1763 designavit
1519 1683 1608 1767 (nam
1627 1686 1699 1750 auil-

540 1802 642 1886 ίστησι
662 1798 696 1862 τὸ
720 1796 909 1881 δικαστήριον
932 1792 1022 1876 Vesp.
1045 1791 1140 1875 304),
1169 1812 1210 1855 an
1237 1789 1337 1870 locus,
1364 1791 1419 1855 ubi
1447 1791 1512 1878 ipse
1540 1779 1699 1872 consuevit
1738 1796 1740 1799 ’

539 1932 608 1977 000
643 1908 849 1993 (1001000.
876 1903 984 1988 Antiq.
1013 1904 1071 1968 rur.
1097 1884 1379 1987 ’0111011111
1422 1903 1503 1980 outa
1529 1904 1589 1969 011
1618 1909 1699 1994 παρὰ

539 2024 615 2093 τοὺς
636 2017 764 2086 eaesae?
790 2018 917 2082 fuerunt
944 2014 1027 2080 enim
1053 2011 1258 2078 undecimuiri
1284 2013 1398 2098 pariter
1427 2020 1518 2099 atque
1540 2018 1699 2084 archontes

542 2131 739 2219 quorundam
766 2128 952 2194 iudiciorum
979 2125 1135 2211 praesides
1161 2124 1206 2209 (v.
1234 2123 1340 2189 Herm.
1368 2124 1581 2212 8100100111.
1611 2131 1697 2214 139).

538 2249 698 2313 Iterumne
725 2242 821 2325 igitur
849 2241 934 2306 loeus
961 2237 1153 2321 designatur,
1183 2257 1244 2320 quo
1271 2236 1480 2310 concurrerint
1507 2243 1699 2326 φιληλιασταί

537 2378 633 2445 prope
659 2352 885 2421 undecimviros
913 2346 1102 2415 iudicatum?
1146 2348 1182 2422 In
1205 2345 1286 2411 Odeo
1313 2368 1418 2432 porro,
1447 2348 1484 2412 de
1513 2370 1573 2433 quo
1601 2351 1696 2418 schol.

538 2470 579 2535 ad
611 2491 641 2534 v.
669 2471 760 2533 τοῦτο
795 2465 832 2529 οὐ
859 2464 935 2550 πρὸς
958 2462 1103 2547 ἀλήθειαν
1127 2461 1204 2524 ἀλλὰ
1226 2460 1300 2547 πρὸς
1321 2460 1505 2545 chethatha<
1533 2467 1593 2529 τῶν
1618 2468 1697 2530 pm.

540 2586 632 2659 σιῶν,
651 2578 769 2644 iudices
791 2575 961 2642 consedisse
982 2572 1107 2657 quidem
1130 2571 1295 2636 admodum
1316 2571 1472 2656 probabile
1494 2580 1550 2657 est,
1577 2575 1611 2640 in
1634 2575 1698 2642 illis

535 2692 718 2781 praesertim
741 2689 856 2768 causis,
878 2707 957 2772 quac
978 2704 1143 2751 numerum
1164 2682 1303 2748 iudicum
1325 2684 1516 2768 requirerent
1538 2688 1695 2754 maiorem.

535 2806 680 2890 Denique
706 2805 739 2868 τὸ
761 2803 836 2889 πρὸς
857 2804 921 2870 τοῖς
942 2798 1064 2884 τειχίοις
1091 2800 1146 2861 aut
1167 2794 1267 2859 multa
1288 2800 1343 2861 aut
1365 2795 1444 2860 nihil
1472 2796 1640 2881 significat3
1667 2802 1695 2865 si

535 2918 653 2998 multa,
676 2916 723 2997 id,
752 2912 833 2999 quod
854 2909 1020 2976 scholiasta
1040 2906 1130 2973 modo
1151 2905 1295 2970 laudatus
1317 2905 1410 2987 dixit3
1439 2907 1489 2971 sin
1510 2910 1606 2989 nihil,
1628 2917 1697 2976 tum

536 3049 660 3116 qnoque
680 3026 773 3104 idem,
795 3024 910 3109 opinor,
933 3026 1025 3105 atque
1039 3017 1203 3084 scholiasta
1217 3016 1323 3081 voluit.
1360 3018 1484 3084 Etenim
1498 3019 1696 3088 dicasterium

536 3140 692 3227 quoddam
706 3137 810 3227 fuisse,
832 3140 973 3200 vocatum
993 3133 1027 3196 τὸ
1050 3131 1126 3218 πρὸς
1147 3133 1211 3200 τοῖς
1225 3130 1357 3216 τειχίοις,
1378 3130 1427 3195 vel
1441 3138 1565 3216 propter
1579 3132 1696 3199 Comici

536 3253 632 3318 verba
659 3251 713 3316 vix
739 3246 898 3328 credibile,
927 3266 966 3309 ex
995 3243 1108 3329 quibus
1135 3246 1258 3306 tantum
1286 3240 1411 3324 colligas
1438 3242 1505 3307 eius
1527 3263 1639 3309 nomen
1660 3248 1697 3310 τὰ

536 3367 635 3452 τειχία
657 3362 751 3428 fuisse
773 3359 823 3424 vel
845 3378 910 3423 esse
931 3355 1076 3443 potuisse.
1114 3352 1245 3417 Videtur
1265 3352 1439 3435 igiturhoc
1461 3355 1535 3440 πρὸς
1557 3360 1622 3427 τοῖς
1642 3381 1697 3423 τεν.

536 3479 618 3565 χίοις
638 3474 723 3540 istud
745 3473 900 3557 πανταχοῦ
924 3470 1094 3542 δικάζουσιν
1118 3486 1192 3545 esse,
1214 3465 1236 3530 i.
1253 3485 1279 3530 0.
1294 3464 1349 3530 ubi
1370 3465 1452 3529 muri
1475 3466 1605 3532 alicuius
1627 3488 1695 3553 spe-

537 3590 600 3654 cies
622 3590 735 3664 exstat,
760 3583 806 3648 ibi
826 3579 986 3647 consident
1007 3576 1173 3642 iudicaturi
1195 3574 1244 3640 vel
1266 3576 1397 3661 cupiunt
1418 3577 1584 3643 considere.
1630 3578 1696 3645 Sci·

536 3700 611 3765 licet
632 3698 737 3782 aliqua
759 3695 952 3782 δροφοίκτων,
979 3689 1199 3767 cancellorum,
1222 3688 1322 3773 specie
1344 3688 1425 3754 iusto
1447 3690 1598 3755 tribunali
1621 3712 1698 3777 opus

537 3817 594 3875 est
637 3809 686 3873 Ita
713 3829 750 3872 ex
778 3810 923 3891 quattuor
951 3802 999 3868 his
1025 3801 1231 3868 tribunalium
1262 3800 1440 3865 nominibus
1472 3808 1592 3887 praeter
1621 3802 1697 3868 Odei

537 3927 635 3988 restat
659 3919 798 3999 nullum,
831 3922 923 4001 atque
951 3915 1069 3980 Odeum
1096 3913 1200 3999 ipsum
1227 3932 1289 3978 non
1317 3912 1439 3977 iudiciis
1466 3913 1615 3979 habendis
1642 3915 1696 3983 sed

537 4033 637 4099 musis
659 4028 847 4096 celebrandis
869 4011 1045 4092 inserviisse
1065 4031 1192 4091 constat
1232 4023 1378 4110 Superest
1398 4023 1552 4108 quintum,
1574 4027 1608 4090 τὸ
1623 4026 1698 4105 Και-Ι

537 4146 600 4223 νίν,
623 4143 803 4227 10011120,
825 4140 906 4224 qnod
927 4137 1090 4204 scholiasta
1103 4159 1166 4202 non
1187 4137 1233 4201 ita
1247 4136 1405 4222 perspicue
1421 4135 1580 4201 describit:
1603 4136 1698 4221 (ἔστι)

537 4256 631 4327 τόπος
652 4256 683 4320 ἐν
706 4261 752 4341 τῷ
766 4252 956 4338 δικαστηρίῳ,
980 4250 1060 4313 οὕτω
1084 4248 1256 4334 λεγόμενος.
1292 4249 1348 4313 siet
1372 4249 1406 4313 δὲ
1430 4247 1466 4326 δ’,
1488 4248 1697 4337 Παράβυστον,

537 4366 670 4444 Καινόν,
701 4364 872 4451 Τρίγοινον,
899 4361 1013 4428 Μέσον.
1056 4362 1140 4426 Ante
1161 4360 1356 4425 Dindorfium
1384 4360 1543 4443 legebatur
1565 4362 1696 4448 παράβο-

539 4504 625 4556 στος,
654 4474 770 4555 καινός,
799 4476 959 4562 τρίγωνος,
990 4472 1284 4559 μίσος(00(1.1100.
1309 4471 1427 4557 μέσον).
1472 4469 1588 4555 Nempe
1610 4470 1696 4535 scho-

537 4590 632 4658 liasta
653 4587 852 4667 0111οτίπος,
880 4584 962 4671 quod
991 4604 1104 4650 nomen
1125 4584 1265 4671 proxime
1293 4580 1462 4664 antecedit,
1496 4579 1698 4647 coniunxerat
