4484 5467
639 643 684 698 llll
701 642 871 698 IVDICIBVS
890 644 1148 697 ATHENIENSIVM
1168 644 1348 709 aussvsova
1368 644 1595 697 IVDICIALIBVS
1636 644 1696 707 107

535 821 706 899 utrumque
727 814 853 900 praebet
876 834 1004 898 gramm.
1021 814 1115 879 Beklr.
1131 815 1246 880 Anecd.
1261 838 1291 900 p.
1308 816 1387 879 310:
1410 815 1516 895 ἡλιαία
1531 817 1565 879 δὲ
1580 816 1697 901 ἐκλήθη

536 927 608 1014 ἤτοι
630 928 712 1013 παρὰ
732 928 766 991 τδ
789 927 819 993 ἐν
842 926 924 1011 αθτγῙ
944 929 1131 1008 ἁλιάζεσθαι,
1153 928 1301 993 τουτέστιν
1316 927 1523 1013 ἀθροίζεσθαι,
1546 928 1566 1011 ἢ
1590 928 1639 991 διὰ
1662 927 1696 990 τδ

537 1041 687 1127 ὕπαιθρον
711 1037 919 1126 (ὑπαίθριυνί)
942 1039 1018 1105 εἶναι
1039 1041 1089 1105 τδν
1112 1040 1206 1105 τόπον
1226 1042 1276 1105 καλ
1297 1041 1471 1124 ἡλιοῦσθαι.
1508 1036 1693 1102 Schoeman·

536 1173 598 1217 nus
621 1150 678 1237 Op.
699 1151 782 1215 acad.
802 1151 817 1215 Ι
838 1173 868 1236 p.
891 1151 954 1215 222
977 1152 1081 1237 ἡλιαία
1103 1173 1174 1216 cum
1189 1151 1359 1216 Herodotoo
1381 1152 1450 1236 ἁλίη
1473 1154 1505 1213 et
1525 1149 1697 1233 Byzantino

536 1264 640 1342 αλλίσι,Ι
653 1264 787 1349 ἁλίασμα
815 1282 1015 1349 componens,
1044 1282 1221 1330 consessum
1242 1264 1299 1329 vel'
1319 1262 1495 1328 concionem
1527 1260 1693 1344 significari

538 1376 637 1441 docet.
660 1412 701 1422 -—
718 1375 800 1439 Sunt
820 1380 925 1440 tamen
947 1376 1181 1441 scholiastarum
1203 1368 1424 1462 explicationes
1436 1374 1481 1439 ita
1494 1378 1696 1458 comparatae,

537 1493 576 1554 ut
602 1507 658 1553 nos
685 1487 773 1551 aliud
800 1476 891 1571 quid,
925 1488 1006 1571 quod
1035 1488 1160 1552 maioris
1188 1488 1347 1571 dignitatis
1377 1492 1470 1572 atque
1503 1485 1696 1551 auctoritatis

538 1604 668 1685 apparet
694 1619 775 1682 esse,
803 1598 957 1664 edoceant.
999 1600 1124 1666 Etenim
1145 1600 1238 1665 schol.
1260 1601 1315 1664 Ar.
1338 1600 1429 1684 Vesp.
1453 1599 1515 1663 772
1543 1598 1593 1663 uel
1615 1596 1697 1664 solua

537 1711 668 1789 sufficit,
685 1707 849 1796 *siquidem
874 1717 981 1797 poetae
1007 1712 1105 1799 ipsius
1132 1712 1226 1778 uerba
1252 1712 1467 1798 respiciamus,
1500 1714 1537 1774 ut
1568 1711 1698 1775 formam

537 1828 570 1889 et
590 1823 736 1890 Heliacas
763 1828 794 1887 et
820 1822 1008 1907 reliquorum
1036 1823 1248 1903 tribunalium,
1277 1826 1436 1911 Areopago
1472 1843 1534 1887 non
1562 1827 1697 1907 excepto,

536 1936 634 2001 talem
655 1935 749 2001 fuisse
771 1935 962 2015 contendam,
985 1936 1119 2020 qualem
1131 1935 1295 2001 scholiasta
1316 1958 1353 2001 ex
1374 1942 1464 2023 poeta
1490 1932 1692 2020 descripserit.

536 2046 682 2133 Namque
702 2047 864 2131 Bdelycleo
885 2048 961 2112 haec
984 2048 1024 2112 ad
1045 2053 1166 2133 patrem
1187 2069 1217 2112 v.
1241 2049 1320 2113 765:

737 2161 836 2225 ἐκεῖσε
860 2162 913 2246 μὲν
939 2160 1042 2247 μηκέτι
1066 2159 1170 2249 βάδιζ’,
1194 2159 1257 2225 ἀλλ’
1283 2160 1392 2225 ἐνθάδε

738 2271 832 2337 αὐτοῦ
858 2271 957 2358 μένων
981 2272 1083 2347 δίκαζε
1105 2276 1200 2337 τοῖσιν
1225 2272 1413 2342 οἰκέταις-

580 2406 610 2448 ν.
634 2385 715 2448 771:
738 2386 789 2449 καὶ
808 2387 903 2449 ταῦτα
926 2384 979 2470 μέν
1002 2408 1053 2449 νυν
1074 2383 1220 2469 εὐλόγως,
1241 2384 1278 2469 ἣν
1302 2383 1394 2470 ἐξέχῃ

736 2496 801 2582 εἵλη
824 2495 885 2561 κατ’
911 2494 1033 2583 ὄρθρον,
1055 2498 1175 2581 ἡλιάσει
1197 2497 1272 2583 πρὸς
1294 2498 1391 2582 ἥλιον.
1483 2577 1485 2581 Ι

737 2607 788 2673 ἐὰν
813 2608 846 2672 δὲ
868 2608 952 2695 νίιρη,
975 2608 1049 2694 πρὸς
1070 2610 1103 2672 τὸ
1127 2613 1187 2695 πῦρ
1209 2610 1393 2695 καθήμενος,

739 2719 854 2798 ὕοντος,
875 2718 957 2799 εἴσει,
979 2720 1033 2785 κᾶν
1057 2719 1133 2807 ἔγρη
1159 2719 1370 2810 μεσημβρινός,

740 2830 838 2903 οὐδείς
862 2829 886 2895 σ’
911 2832 1082 2897 ἀποκλείσει
1105 2832 1295 2918 θεσμοθέτης
1316 2839 1357 2916 τγῙ
1378 2832 1513 2916 κιγκλίδι.

536 2942 588 3007 Ad
610 2962 691 3027 quae
712 2942 906 3008 scholiastae:
928 2946 1072 3030 γράφεται
1096 2944 1129 3007 δὲ
1150 2945 1200 3008 καὶ
1221 2941 1282 3008 κατ’
1307 2944 1398 3029 ὀρθὸν
1421 2945 1452 3008 ἐν
1480 2946 1615 3013 πολλοῖς.
1648 2944 1698 3006 καλ

538 3048 744 3142 ἐξηγούμενος
765 3054 990 3143 Καλλίστρατός
1012 3078 1095 3141 φησι,
1117 3056 1192 3119 κατὰ
1212 3056 1246 3119 τὸ
1269 3055 1371 3142 ὀρθῶς
1395 3052 1484 3141 ἔχον·
1509 3054 1578 3140 οθχὶ
1600 3055 1631 3119 ἐν
1652 3061 1699 3141 τῷ

540 3168 734 3254 δικαστηρίῳ.
778 3166 837 3232 Hic
859 3165 963 3254 paullo
984 3167 1196 3233 subsistamus.
1240 3167 1433 3232 Callistratus
1455 3170 1517 3230 non
1539 3164 1576 3228 de
1597 3164 1697 3229 tribu·

537 3278 619 3357 nali,
642 3278 696 3343 scd
710 3278 755 3353 ¹de
781 3279 903 3364 privata
924 3278 1135 3364 Bdelycleonis
1164 3280 1253 3345 domo
1274 3279 1391 3343 dictum
1419 3299 1485 3343 esse
1498 3338 1501 3343 .
1514 3276 1696 3341 existimans

536 3391 583 3455 ita
604 3388 753 3476 explicat,
782 3396 818 3455 ut
844 3391 986 3456 videatur
1013 3391 1197 3457 contrariam
1218 3391 1404 3458 sententiam
1425 3390 1522 3475 sequi,
1544 3395 1694 3474 tanquam

538 3503 565 3567 si
587 3502 622 3566 in
643 3501 802 3585 tribunali,
824 3507 930 3588 utpote
952 3504 1099 3586 aedificio,
1121 3504 1194 3570 solis
1216 3504 1296 3569 radii
1310 3523 1470 3588 nunquam
1487 3506 1694 3568 cernerentur.

537 3613 717 3679 Lectionem
737 3613 892 3680 uero'aca'
917 3615 1019 3702 ὀρθόν,
1040 3617 1099 3681 ie.
1121 3619 1252 3683 κατὰτὸ
1274 3617 1376 3704 ὀρθῶς
1400 3613 1485 3703 ἔχον,
1509 3615 1694 3681 convenien-

536 3732 595 3809 ter,
619 3725 820 3809 sufficienter,
849 3745 912 3791 non
933 3727 1047 3792 malam
1069 3748 1149 3808 esse,
1183 3748 1255 3794 mox
1268 3729 1469 3823 xvidebimus3
1503 3728 1538 3793 in
1571 3727 1698 3814 reliquis
1754 3719 1758 3726 ’

536 3858 612 3904 vero
633 3857 750 3902 enasse
773 3836 994 3903 Callistratum.

625 3947 730 4031 Pergit
751 3947 928 4014 scholiasta:
954 3950 988 4014 τδ
1018 3950 1041 4015 δ’
1071 3952 1187 4036 ἡλιάσγγ
1217 3951 1351 4037 (μήποτε
1380 3952 1414 4016 δὲ
1437 3955 1534 4039 ψιλῶς
1562 3977 1699 4040 προενεκ-

514 4052 607 4129 Ῠτέυν
643 4096 685 4106 -
717 4060 763 4124 ita
790 4059 918 4125 Photius
947 4084 970 4125 s.
999 4083 1029 4126 ν.
1057 4061 1105 4126 ed.
1129 4062 1228 4146 Pors.)
1256 4064 1417 4150 παρατὴν
1442 4063 1600 4142 Ἡλιαίαν,
1623 4064 1697 4149 πρὸς
1782 4106 1787 4115 -

536 4178 628 4262 ἥλιον
658 4174 787 4237 δικάσειν
818 4171 1008 4256 (δικάσειςΡ).
1038 4174 1103 4259 ἅμα
1133 4176 1167 4239 δὲ
1196 4175 1295 4249 παίζει
1323 4177 1404 4262 παρὰ
1430 4178 1484 4261 τὴν
1514 4175 1605 4261 ἡλίου
1634 4175 1698 4239 ὀνυ-

539 4286 665 4373 μασίαν.
702 4287 828 4370 ψυχρῶς
857 4285 890 4349 δὲ
918 4284 1060 4371 πέπαιχε,
1097 4288 1186 4372 ιρησλν
1219 4288 1235 4350 ὁ
1262 4287 1412 4372 Δίδυμος,
1447 4288 1521 4373 πρὸς
1552 4284 1698 4370 τοῦνομα.

536 4397 645 4481 ἐπειδὴ
669 4395 726 4481 γὰρ
748 4394 813 4482 είλη
836 4396 952 4481 λέγεται
974 4398 993 4480 ἡ
1017 4400 1072 4460 τοῦ
1102 4398 1194 4483 ἡλίου
1222 4398 1318 4483 αθγή,
1345 4398 1470 4464 Ἥλιαία
1498 4399 1532 4462 δὲ
1558 4397 1591 4461 τὸ
1620 4399 1698 4462 δικα-

536 4512 681 4597 στήριον,
714 4509 831 4583 παίζων
862 4508 958 4595 ἔφησε
980 4508 1054 4594 πρὸς
1074 4510 1108 4573 τδ
1132 4509 1284 4597 φιλόδικυν
1308 4510 1367 4588 ὅτι,
1395 4510 1512 4574 ἐπειδὰν
1536 4510 1655 4595 ἀνάσχῃ
1682 4510 1698 4573 ὁ

534 4627 638 4711 ἥλιος,
660 4621 795 4706 ἡλιάζειν
823 4620 938 4687 ἐνέσται
967 4644 1024 4685 σοι.
1053 4620 1151 4692 οὕτως
1178 4621 1320 4708 Δίδυμος.
1348 4660 1389 4671 -
1418 4621 1498 4685 Cum
1525 4619 1700 4687 Callistrato
