4484 5467
665 655 709 709 DE
728 655 884 708 TEMPORE
902 654 1061 709 EABVLAE
1081 655 1264 708 VESPARVE
1283 655 1394 707 ACTAE
1572 656 1614 721 25

456 828 635 914 exemplum
657 834 756 892 exstat
783 828 817 891 in
839 849 956 909 argum.
979 828 1047 892 Pac.
1091 827 1138 891 Ibi
1160 827 1245 890 enim
1267 849 1362 911 quum
1380 849 1463 892 nunc
1484 829 1617 910 legatur:

456 918 579 1025 ἐνίκησε
601 942 634 1003 δὲ
656 948 701 1025 tui
723 943 849 1024 δράματι
875 942 890 1002 ὁ
914 943 1041 1024 ποιητὴς
1064 943 1112 1004 ἐπὶ
1136 941 1282 1025 ἄρχοντος
1299 938 1443 1004 Ἀλκαίου
1466 942 1497 1004 ἐν
1522 941 1618 1004 ἄστει·

455 1058 579 1138 πρῶτος
609 1050 742 1121 Εὔπολις
771 1050 902 1128 Κόλαξί,
936 1051 1073 1137 δεύτερος
1102 1050 1321 1136 Ἀριστοφάνης
1355 1045 1487 1137 Εἰρήνη,
1521 1052 1618 1137 τρίτος

457 1165 584 1227 Λεύκων
610 1164 758 1248 Φράτερσι
781 1162 836 1246 (al.
861 1162 1038 1248 Φροίτοροι).
1072 1164 1105 1226 τὸ
1130 1165 1162 1226 δὲ
1186 1166 1285 1248 δρᾶμα
1309 1164 1485 1247 ὑπεκρίνατο
1507 1164 1616 1229 Ἀπολ-

456 1276 612 1360 λόδωρος,
651 1276 740 1358 ήνίκα
765 1273 885 1359 Ἕρρήν
920 1274 1095 1361 λοιοκρότης
1129 1274 1188 1357 (ita
1221 1273 1404 1357 Behherus)‚
1438 1275 1615 1339 Dindorfius
1698 1343 1701 1346 ,

457 1386 590 1451 coniecit
612 1388 713 1470 ήνίκα-
725 1385 764 1449 ἔτ’
788 1386 825 1471 ήν
843 1388 1013 1471 ὑποκριτής,
1036 1386 1186 1467 Bergkius
1208 1386 1358 1449 intactum
1376 1385 1520 1468 reliquit.
1534 1388 1618 1451 Ran-

457 1500 530 1562 kius
553 1497 614 1560 vit.
630 1498 683 1560 Ar.
699 1518 729 1579 p.
746 1496 853 1559 CCXV
868 1503 999 1561 actorem
1023 1497 1226 1561 secundarum
1249 1497 1395 1581 partium,
1418 1497 1522 1581 iteque
1538 1498 1618 1561 Mer-

455 1610 537 1675 curii
558 1630 719 1695 personam
739 1609 793 1691 qui
809 1608 913 1691 egerit7
938 1609 1031 1671 latere
1047 1608 1220 1693 suspicatus
1243 1614 1298 1671 est.
1342 1609 1386 1672 At
1407 1608 1484 1671 illud
1500 1610 1618 1695 ἐνίκησε

456 1726 562 1808 inepte
590 1722 706 1785 dictum
736 1720 773 1783 de
801 1727 889 1805 poeta
917 1720 1050 1785 secundo
1079 1721 1221 1805 praemio.
1238 1727 1357 1800 ornato3
1390 1726 1459 1784 tum
1486 1727 1619 1785 actorem

455 1834 664 1899 secundarum
694 1832 830 1917 partium
858 1853 1019 1915 nunquam
1047 1832 1240 1896 nominatum
1263 1853 1327 1895 esse
1356 1832 1525 1895 certissime
1547 1854 1618 1896 con-

456 1952 527 2011 stat.
578 1943 732 2029 Equidem
761 1943 892 2006 duorum
917 1944 1104 2007 histrionum
1133 1944 1322 2007 mentionem
1350 1944 1417 2007 fieri
1445 1944 1537 2025 duco,
1566 1943 1620 2007 sed

456 2058 607 2144 permista
631 2056 743 2120 omnia.
787 2054 910 2117 Etenim
932 2055 958 2117 si
989 2055 1066 2118 illud
1089 2056 1208 2139 ἐνίκησε
1233 2054 1430 2134 retineamus,
1452 2056 1619 2119 mutandus

458 2168 517 2232 erit
539 2174 699 2253 poetarum
715 2167 796 2231 ordo.
836 2167 916 2231 Tum
938 2167 1054 2251 primas
1069 2167 1302 2251 Aristophanes
1324 2167 1450 2252 Eupolis
1470 2169 1619 2231 secundas

455 2281 551 2360 tulit,
575 2279 641 2343 tum
665 2286 695 2343 et
717 2280 932 2366 Aristophanis
955 2287 986 2343 et
1007 2278 1181 2365 Eupolidis,
1204 2285 1309 2365 utpote
1331 2280 1469 2344 Leucono
1483 2281 1619 2345 clarioris

456 2399 574 2479 poetae,
598 2392 706 2455 histrio
728 2400 924 2474 memoratur,
947 2393 1096 2456 Leuconis
1117 2393 1218 2477 periit.
1263 2393 1344 2455 Tum
1365 2392 1461 2476 igitur
1481 2392 1515 2456 in
1536 2392 1618 2456 hunc

456 2507 519 2569 sere
543 2505 669 2569 modum
695 2488 848 2567 exhibeas
861 2503 1006 2586 antiquae
1029 2503 1212 2568 didascaliae
1234 2504 1380 2589 speeiem:

806 2614 859 2681 Ἐν
883 2615 964 2680 ἄστει

696 2712 759 2791 ‘eu
781 2727 927 2813 ἄρχοντος
947 2727 1092 2793 Ἀλκαίου
1174 2765 1176 2768 -

665 2838 886 2925 Ἀριστοφάνης
907 2838 1023 2926 Εἰρήνη
1048 2866 1096 2926 πρ.

713 2953 814 3038 ὑπεκρ.
838 2953 1019 3037 Λεωκράτης
1040 2953 1110 3037 (pro
1133 2952 1332 3038 Λοιοκρότης)
1385 2957 1388 2961 ’
1419 3011 1421 3013 ,

669 3062 802 3134 Εὔπολις
825 3063 938 3138 Κόλαξί
962 3061 1039 3129 derit.

714 3176 815 3261 ὑπεκρ.
835 3173 1072 3261 Ἀπολλόδωρος

668 3288 791 3353 Λεύκων
817 3289 969 3375 Φράτοροι
991 3290 1083 3376 τρίτ’

712 3402 813 3487 ὑπεκρ.
836 3448 927 3465 .....

459 3513 583 3579 Vltima
604 3512 699 3596 igitur
722 3512 896 3595 argumenti
917 3514 1011 3577 verba
1032 3513 1077 3577 sic
1098 3513 1273 3577 emendem:
1297 3514 1379 3577 ἐνίκα
1402 3511 1517 3598 Εἰρήνη
1539 3512 1619 3576 Λεω·

460 3628 583 3715 κράτης.
627 3625 679 3688 An
701 3623 864 3706 fragmenti
885 3624 985 3688 mavis
1007 3624 1146 3688 ordinem
1168 3646 1303 3705 servare,
1326 3624 1463 3707 neglecto
1484 3624 1544 3688 isto
1565 3625 1619 3688 ἐνί-

459 3763 555 3824 κησε,
584 3736 664 3821 quod
693 3736 833 3821 ineptum
861 3734 927 3799 est?
971 3737 1052 3799 Tum
1074 3737 1187 3801 ultima
1214 3737 1257 3801 sic
1279 3737 1362 3820 legas
1392 3736 1501 3800 velim:
1531 3736 1620 3819 ήνίκα

461 3850 595 3935 Εἰρήνην
619 3850 815 3933 Λεωκράτηςε
844 3851 912 3910 tum
933 3846 1034 3929 igitur>
1050 3847 1084 3910 in
1107 3847 1274 3911 didascalia
1301 3846 1523 3930 Aristophanes
1550 3867 1621 3919 cum

464 3952 614 4026 histrione
635 3980 690 4023 suo
712 3957 882 4022 secundum
903 3957 1021 4022 tenebit
1042 3958 1152 4022 locum.

552 4072 661 4136 XVIII.
710 4072 938 4153 Argumentum
971 4090 1041 4135 vero
1075 4070 1294 4134 didascalicum
1326 4070 1497 4154 Vesperum
1528 4068 1622 4132 etiam

463 4184 565 4267 magis
586 4191 762 4268 corruptum
786 4188 841 4247 est.
884 4183 960 4247 Nolo
981 4204 1104 4266 urgere,
1133 4182 1214 4266 quod
1234 4170 1383 4247 Leuconis
1405 4204 1517 4246 nomen
1539 4201 1622 4244 nunc

464 4295 592 4381 quidem
613 4294 790 4358 Rauennate
812 4300 844 4357 et
865 4294 980 4357 Veneto
1002 4294 1128 4375 nititur,
1151 4294 1255 4357 fabula
1276 4301 1380 4358 cutem
1401 4295 1545 4383 Πρέσβεις
1567 4292 1622 4357 hoe

464 4415 529 4473 urio
551 4408 615 4472 loeo
637 4406 829 4487 nominetur,
853 4406 889 4468 de
912 4427 973 4489 qua
994 4406 1057 4471 vid.
1080 4406 1270 4470 Meinehium
1291 4408 1374 4471 Hist⁶
1396 4407 1463 4470 crit.
1486 4408 1563 4486 2173
1591 4413 1623 4470 at

466 4522 501 4584 in
523 4518 651 4603 reliquis
672 4517 829 4580 manifesti
851 4523 924 4580 sunt
945 4538 1069 4599 errores,
1092 4518 1205 4600 quibus
1220 4518 1393 4601 argumenti
1408 4517 1482 4581 fides
1498 4518 1623 4582 omnino

468 4631 679 4696 labefactatur.
723 4630 861 4696 Primum
886 4630 922 4692 dc
944 4629 1236 4704 Philonidedicam.
1280 4632 1309 4695 Ie
1330 4632 1365 4693 in
1380 4637 1560 4713 argumento
1575 4632 1622 4696 bis
