4484 5467
997 617 1193 716 τουτου

827 839 924 924 ξηρῶν
947 834 1067 923 τρόπων
1090 834 1141 898 καὶ
1164 834 1283 919 βιοτῆς·

824 950 911 1035 ἔτερα
934 948 967 1011 δὲ
989 950 1040 1011 νῦν
1065 945 1246 1031 ἀντιμαθὼν,

874 1060 895 1145 ἧ
921 1058 998 1145 μέγα
1019 1081 1046 1122 τι
1071 1060 1277 1143 μεταπεσεῖται

824 1170 867 1236 ’πὶ
888 1174 921 1236 τὸ
944 1170 1089 1258 τρυφερὸν
1112 1169 1162 1233 καὶ
1186 1164 1331 1254 μαλακόν.

823 1287 903 1371 τοίχα
926 1282 954 1347 δ’
980 1282 1014 1348 ἄν
1037 1280 1112 1353 ἴσως
1137 1280 1192 1345 οὐκ
1214 1279 1324 1344 ἐθέλοι.

825 1399 858 1461 τὸ
882 1396 938 1483 γὰρ
961 1396 1129 1480 ἀποστῆναι
1151 1393 1284 1481 χαλεπὸν

826 1510 948 1595 φύσεος,
969 1507 1006 1592 ἣν
1031 1506 1095 1594 ἔχει
1117 1530 1160 1578 τις
1185 1504 1241 1570 αἰεέ.

825 1622 922 1685 καίτοι
945 1621 1054 1683 πολλοὶ
1071 1619 1157 1684 ταῦτ’
1184 1616 1316 1682 ἔπαλλον·

830 1731 964 1805 ξυνόντες
984 1733 1118 1817 γνώμαις
1141 1729 1250 1818 ἑτέρων

882 1847 1078 1934 μετεβάλοντο
1101 1843 1173 1914 τοὺς
1195 1840 1334 1929 τρόπους.

827 1962 945 2022 πολλοῦ
969 1956 997 2021 δ’
1023 1956 1148 2021 ἐπαίνου
1171 1954 1244 2041 παρ’
1269 1952 1341 2039 ἐμοὶ
1529 1953 1589 2016 ἀντ.

877 2072 927 2134 καὶ
948 2072 1039 2133 τοῖσιν
1063 2066 1097 2131 εὖ
1120 2070 1267 2155 φρονοῦσι

827 2184 927 2268 τυχὼν
952 2181 1067 2247 ἄπεισιν
1090 2181 1139 2245 διὰ
1159 2181 1211 2265 τἠν

545 2456 575 2494 ν.
589 2437 665 2493 1452.
700 2436 785 2511 ξηρῶν
811 2438 842 2492 R.
870 2438 901 2493 V.
930 2440 1014 2509 vulgo.
1051 2436 1170 2511 σκληρῶν
1197 2436 1333 2504 Hirsehig.‚
1360 2434 1484 2503 probatus
1511 2432 1538 2486 Ο.
1566 2433 1595 2502 F.
1618 2433 1680 2488 Her-

586 2540 689 2580 manno.
730 2526 765 2577 At
786 2522 874 2598 ξηρός,
898 2526 984 2579 aridus
1006 2528 1023 2580 i.
1045 2543 1067 2581 e.
1087 2526 1197 2590 subdue,
1221 2523 1252 2577 de
1276 2539 1344 2578 sene
1359 2537 1435 2577 avaro
1454 2527 1530 2591 atque
1553 2525 1680 2577 esuriente

586 2612 669 2680 magis
688 2611 791 2664 arridet.

546 2742 575 2779 v.
590 2723 666 2780 1454.
702 2725 792 2795 μεγάτι
823 2725 854 2780 V.
871 2741 933 2779 -see
959 2725 1021 2780 (λου.
1067 2727 1133 2799 μέγα
1159 2725 1268 2780 πείσεται
1296 2726 1327 2780 R.
1368 2724 1542 2795 μεταπείσεται
1571 2723 1604 2781 V.
1630 2739 1680 2779 sec.

585 2810 667 2863 Beki.
703 2812 769 2882 μέγα
786 2829 810 2864 τι
827 2810 935 2865 πείσεται
953 2812 981 2867 C.
1009 2812 1182 2882 μεταπεέσεται
1205 2807 1234 2863 Δ.
1260 2810 1454 2883 ἦμεταπείσετ’
1474 2812 1513 2864 ἐπὶ
1533 2811 1591 2864 Ale.
1615 2812 1681 2865 lunt.

585 2896 662 2948 Kust.
689 2895 707 2968 ἦ
732 2898 797 2969 μέγα
818 2915 842 2950 τι
864 2898 973 2951 πείσεται
998 2898 1003 2966 γ
1027 2897 1150 2973 τρυφερόν
1176 2915 1204 2949 τε
1226 2896 1270 2948 καὶ
1292 2895 1409 2966 μαλακόν
1431 2896 1541 2949 Brunek.
1570 2897 1587 2968 ἠ
1610 2916 1637 2966 μ.
1655 2917 1682 2952 π.

588 3000 614 3034 τι
640 2981 644 3049 Ι
668 2982 708 3035 ἐπὶ
729 2983 759 3035 τὸ
783 2990 887 3057 τρυφῶν
912 2985 955 3037 καὶ
982 2983 1100 3054 μαλακόν
1128 2982 1203 3037 Dind.
1234 2982 1251 3055 ἦ
1275 3002 1303 3052 μ.
1326 3001 1350 3035 τι
1373 3001 1400 3036 π.
1424 2980 1430 3050 Ι
1454 2979 1587 3055 ἐπέτρυρον
1606 3002 1631 3036 τι.
1655 3004 1683 3053 μ.

589 3066 670 3121 Bekir.
702 3068 719 3142 ἠ
745 3070 809 3139 μέτα
831 3090 855 3124 τι
878 3071 986 3125 πείσεται
1013 3071 1048 3125 ’πὶ
1072 3072 1076 3140 Ι
1099 3072 1130 3124 τό
1152 3089 1179 3124 τε
1201 3069 1324 3144 τρυφερὸν
1346 3089 1371 3123 τι.
1390 3089 1418 3139 μ.
1439 3069 1509 3123 Rois.
1528 3067 1555 3121 O.
1572 3087 1599 3138 p.
1624 3070 1683 3123 211.

590 3154 609 3226 ἦ
639 3156 716 3227 μέγα,
746 3159 810 3229 μέγα
833 3178 857 3212 τι
874 3159 966 3212 πείσετ’
994 3158 999 3226 1
1023 3158 1058 3212 ἔτι
1075 3156 1198 3231 τρυφερὸν
1217 3176 1242 3209 τι.
1261 3176 1288 3225 μ.
1305 3156 1393 3209 Hotib.
1410 3172 1435 3224 p.
1456 3155 1512 3207 111.
1542 3154 1685 3207 Bekkerum

590 3243 707 3309 sequitur
718 3243 845 3313 Hirschig.
872 3244 889 3317 ἦ
909 3265 936 3314 μ.
954 3264 977 3297 τι
996 3252 1170 3315 μεταπεσεῖται
1188 3244 1227 3297 ἐπὶ
1243 3242 1273 3295 τὸ
1292 3249 1388 3316 τρυφᾶν
1406 3243 1449 3295 καὶ
1462 3235 1578 3311 μαλακόν
1591 3242 1683 3311 Bergk.

591 3328 753 3397 μεταπεσεῖτ’
772 3328 912 3382 BentleiuS.
935 3359 969 3367 -
990 3331 1074 3384 ἔπειτα
1093 3332 1158 3400 μέτα
1180 3348 1204 3381 τι
1225 3329 1334 3382 πείσεται
1353 3328 1391 3382 ’πὶ
1412 3327 1442 3380 τὸ
1464 3334 1568 3401 τρυφῶν
1592 3329 1684 3397 Eriger.

593 3412 628 3464 de
649 3429 715 3483 resp.
741 3431 766 3483 p.
791 3414 830 3467 13.
876 3414 1024 3470 Dobraeus:
1051 3413 1200 3487 ἀντιμαθὼν
1227 3413 1294 3488 ἤθη,
1322 3421 1495 3484 μεταπεσεῖται
1519 3415 1523 3482 Ι
1548 3415 1587 3467 ἐπὶ
1609 3413 1638 3466 τὸ
1661 3433 1685 3469 τ.

589 3516 619 3550 α.
641 3517 668 3567 μ.
690 3527 724 3536 -
746 3499 831 3552 Reisk.
856 3504 900 3552 aut
922 3502 1076 3574 μεταβήσετ’
1096 3506 1140 3555 aut
1158 3502 1312 3571 μετανείσετ’
1332 3505 1376 3554 aut
1394 3500 1563 3570 μεταπεσεῖτ’.
1581 3530 1617 3541 -
1634 3500 1684 3555 ἐπι-

588 3582 686 3655 τρυφὸν
712 3584 743 3636 R.
778 3584 817 3637 ἐπὶ
843 3584 872 3637 τὸ
903 3585 985 3660 ρυφοῖν
1014 3589 1057 3640 οιαὶ
1080 3588 1111 3642 V.
1150 3588 1189 3641 ἐπὶ
1209 3587 1238 3639 τὸ
1261 3587 1390 3661 τρυγοερὸνΙ
1405 3587 1489 3655 vulgo.
1531 3588 1629 3658 Scripsi
1647 3589 1687 3642 ·’π1

590 3665 624 3719 τὸ
641 3665 764 3742 τρυφερὸν
782 3669 825 3721 καὶ
843 3668 970 3739 μαλακόν.
1296 3674 1298 3677 ’

550 3783 670 3839 ν.1458.
706 3781 805 3855 φύσεως
823 3785 853 3837 R.
872 3785 903 3839 V.
923 3785 952 3838 B.
972 3785 998 3840 (λ
1019 3788 1089 3841 Suid.
1108 3804 1129 3842 e.
1148 3806 1171 3841 ν.
1199 3784 1333 3861 ἀπόστηθι.
1357 3786 1447 3861 φυσεος
1464 3788 1547 3857 uulgo.

629 3896 662 3925 -,-
679 3867 732 3941 ἔχοι
750 3870 781 3921 R.
799 3869 873 3923 Dind.
893 3870 984 3940 Bergk.
1022 3871 1073 3946 ἔχει
1090 3875 1175 3944 vulgo.

550 3997 576 4034 v.
593 3977 890 4116 ἒ461ᾚμετεβάλλοντο
909 3982 938 4034 R.
964 3981 995 4035 V.
1015 3984 1101 4052 vulgo.
1138 3985 1308 4058 μετεβάλοντο
1325 3984 1355 4040 Β.
1375 3986 1402 4041 0.
1422 3984 1450 4041 Δ.
1476 3988 1604 4058 Hirsehig.
1626 3993 1687 4059 post

617 4079 679 4117 runc
707 4080 757 4116 um.
825 4107 829 4113 .
979 4095 981 4099 ·

551 4194 578 4232 ν.
595 4174 671 4229 1464.
706 4175 786 4229 ἄπεισι
808 4176 838 4230 R.
863 4176 893 4233 V.
917 4194 966 4234 see.
986 4179 1047 4236 Cob.
1071 4182 1156 4252 uulgo.
1193 4183 1287 4241 ἄπεισιν
1306 4185 1425 4252 Βιοιιυλ.,
1450 4186 1518 4258 quod
1541 4193 1622 4243 metro
1648 4205 1687 4244 re-

593 4264 709 4334 quiritur.
737 4265 839 4330 (ἅπεισει
855 4267 920 4322 Iunt.
941 4268 1025 4334 1540.)

573 4507 601 4549 ν.
616 4489 696 4560 1455.
731 4490 774 4546 καὶ
792 4489 922 4563 μαλακόνι
940 4492 1018 4552 schol.
1031 4492 1082 4549 οἶον
1123 4510 1128 4519 ·
1185 4517 1210 4556 ν.
1235 4500 1309 4555 1460.
1330 4462 1334 4466 ¹
1355 4497 1470 4562 ξυνόντες
1499 4500 1625 4573 γνώμαιςι
1653 4504 1686 4560 ef.

511 4584 562 4642 ἐπὶ
581 4578 614 4634 τὸ
631 4585 728 4653 τρυφᾶν
748 4580 880 4651 μαλακῶς.
1132 4584 1200 4638 Nub.
1224 4586 1290 4638 1404
1321 4586 1434 4659 γνώμαις
1461 4588 1488 4641 δὲ
1514 4588 1617 4650 λεπταῖς
1643 4594 1687 4646 καὶ

554 4687 581 4722 ν.
595 4666 670 4721 1456.
689 4668 769 4741 τάχαι
783 4668 814 4722 ef.
824 4670 910 4722 Herm.
920 4667 978 4738 Vig.
988 4684 1014 4739 p.
1024 4668 1082 4724 447.
1134 4670 1217 4742 λόγοις
1235 4670 1329 4743 ξὺνειμι
1346 4676 1390 4727 καὶ
1407 4675 1539 4749 μερίμναις
1556 4678 1670 4747 (Bergk).

1499 4763 1532 4817 ‘25
