4484 5467
997 617 1193 677 ΣΦΗΚΕΣ

673 796 734 862 ἀλλ’
760 797 957 881 ἐξαπατήσεις
979 794 1126 879 κάγχανεῖ
1143 793 1242 878 τούτῳ
1266 792 1357 878 μέγα·

674 913 797 978 πολλοῖς
819 909 874 994 γὰρ
897 906 958 992 ἤδη
981 905 1120 991 χάτέροις
1143 902 1211 968 αὔτ’
1235 904 1375 990 εἰργάσω.

673 1133 732 1218 ἐγώ
757 1131 799 1208 σ’,
823 1131 940 1194 ἐπειδὰν
965 1130 1059 1214 οὑμδς
1083 1128 1146 1198 υἱδς
1168 1128 1322 1211 ἀποθάνῃ,

674 1245 843 1327 λυσάμενος
865 1241 926 1314 ἔξω
951 1239 1108 1322 παλλακὴν
1134 1238 1159 1299 ὦ
1182 1238 1308 1323 χοιρίον.

674 1358 725 1418 νῦν
750 1352 779 1417 δ’
804 1352 840 1415 οὐ
863 1354 962 1438 κρατῶ
984 1349 1041 1433 ’γὼ
1064 1353 1124 1412 τῶν
1147 1349 1281 1433 ἐμαυτοῦ
1304 1350 1485 1433 χρημάτων·

673 1467 740 1537 νέος
762 1468 817 1552 γάρ
841 1465 900 1548 εἰμι
923 1465 972 1527 καὶ
995 1464 1183 1548 φυλάττομαι
1207 1460 1332 1546 σφόδρα.

672 1578 705 1641 τδ
728 1577 784 1661 γάρ
809 1574 900 1638 υἵδιον
921 1576 1007 1659 τηρεῖ
1027 1597 1072 1657 με,
1095 1572 1180 1635 κᾶστι
1204 1571 1352 1636 δύσκολον
1460 1600 1462 1603 ·

674 1686 795 1757 κάλλυς
816 1683 1298 1772 κομινοπριστοκαρδαμογλυφον.

551 1990 578 2025 v.
593 1972 666 2025 1350.
702 1967 760 2022 αὔτ’
779 1968 863 2036 vulgo.
880 1967 954 2020 ταῦτ’
977 1968 1039 2019 Gob.
1058 1964 1166 2024 πολλοὺς
1184 1966 1340 2038 -χάτέρους
1358 1965 1420 2020 Gob.
1438 1970 1464 2020 ct
1481 1966 1586 2020 Hccker.
1609 1970 1678 2023 Μυο-

588 2072 651 2110 mon.
670 2055 816 2107 -dudum
836 2056 872 2107 ita
889 2054 1005 2121 Lenting.

552 2160 578 2197 ν.
593 2142 667 2196 1354.
702 2138 798 2212 κρατῶ’
826 2139 864 2209 γὼ
885 2139 970 2206 vulgo.
991 2144 1079 2209 κρατῶ
1094 2155 1137 2191 πυ
1154 2137 1242 2190 ΕΙυιιΙ.
1260 2138 1323 2193 Δοίι
1342 2138 1404 2203 580,
1421 2140 1544 2207 probatus
1562 2141 1679 2194 Dobraco

589 2228 623 2281 ad
639 2228 706 2281 Plut.
725 2226 782 2280 313.
1078 2268 1081 2272 .

550 2332 577 2368 ν.
593 2312 666 2367 1356.
701 2311 777 2364 δίδιον
795 2310 827 2365 V.
849 2326 899 2364 sec.
919 2310 980 2364 Cob.
998 2309 1075 2363 υἵδιον
1097 2311 1129 2364 R
1147 2309 1179 2364 V.
1197 2324 1247 2363 sec.
1265 2309 1343 2365 Bckk.
1366 2308 1442 2363 ὖίδιον
1461 2311 1531 2364 Suid.
1550 2327 1571 2366 ιι.
1589 2329 1613 2365 ιι.
1631 2333 1677 2366 κυ-

589 2416 689 2472 μινοπρ.
707 2397 793 2451 υίίδιον
810 2397 895 2465 vulgo.
914 2426 948 2434 —
974 2396 1080 2450 Suidam
1097 2397 1212 2466 sequitur
1233 2395 1321 2449 Elmsl.
1343 2395 1405 2450 Ocd.
1429 2396 1482 2450 Gcl.
1500 2412 1526 2464 p.
1544 2397 1585 2450 83.
1612 2397 1678 2451 ὅδιον

588 2485 710 2539 Fritzsch.
728 2484 826 2538 Daetal.
843 2500 869 2551 p.
888 2484 930 2538 44.

518 2728 588 2780 hanc
605 2723 725 2779 scrbcudi
742 2724 782 2775 vel
800 2724 901 2777 omnino
919 2723 1023 2776 bibendi
1044 2724 1077 2776 si·
1127 2722 1170 2775 ἐάν
1193 2741 1243 2793 μου
1262 2722 1275 2776 δ
1292 2724 1376 2795 πατὴρ
1394 2720 1522 2797 ἀποθάνῃ,
1548 2724 1624 2778 δώσω
1643 2745 1680 2780 σοι
1738 2779 1741 2783 ,

483 2824 485 2827 ·
519 2811 711 2881 gnificaticnem
723 2808 797 2861 Pacis
809 2824 906 2873 versus,
924 2807 1077 2861 scholiastae
1126 2810 1209 2861 πάντα
1227 2810 1291 2874 [(καὶ
1309 2810 1451 2880 συνοικήσω
1469 2811 1534 2879 μετὰ
1552 2813 1627 2876 σοῡ)].

519 2898 656 2961 Ιαυάιιίυυ,
674 2894 723 2948 431
743 2894 787 2964 ἄγε
801 2894 831 2964 δὴ
848 2896 877 2947 οδ
889 2895 988 2967 ταχέως
1000 2891 1077 2966 ὕπεχε
1178 2912 1201 2947 v.
1222 2895 1296 2948 1353.
1331 2894 1485 2963 λυοάμενοςι
1507 2897 1586 2950 schol.
1611 2898 1679 2951 ἐλευ-

518 2986 570 3053 τὴν
588 2981 691 3054 φιάλην,
708 2979 777 3039 ὅπως
794 2982 857 3054 ἐργιμ
881 2981 1019 3053 ιριαλοῦμεν
1037 2979 1076 3032 τὺ·
1127 2977 1241 3053 δερώσας
1260 2980 1288 3032 ἐκ
1305 2983 1352 3033 τοῦ
1368 2979 1570 3049 πορνοβοσκείου.

520 3070 625 3136 ξάμενον
636 3074 713 3120 τοῖσιν
726 3063 801 3126 δεοῖς.
823 3066 852 3119 Si
864 3068 920 3135 quis
932 3071 1017 3120 tamen
1027 3067 1077 3119 for·
1177 3083 1201 3121 ν.
1221 3065 1295 3120 1355.
1324 3065 1497 3139 φυλάττομαιι
1514 3069 1594 3122 schol.
1611 3068 1678 3123 καδὸ

520 3172 591 3208 mam
611 3153 755 3223 praesentis
778 3151 874 3225 φιαλέυ
897 3154 974 3205 etiam
997 3152 1076 3204 futuri
1102 3167 1106 3174 ’
1126 3150 1163 3210 δὶς
1180 3152 1266 3212 παῖδες
1284 3152 1306 3204 οἱ
1323 3154 1445 3225 γέροντες.

520 3242 602 3294 fuisse
616 3239 761 3303 contendat,
779 3238 951 3291 contradicam
963 3225 1076 3307 profecto
1175 3254 1200 3292 ν.
1220 3237 1294 3292 1357.
1334 3256 1513 3312 κυμινοτριστο
1531 3263 1578 3295 -2
1601 3243 1680 3298 schol.

520 3328 592 3381 nihil.
620 3326 709 3395 Neque
718 3324 750 3377 dc
761 3340 788 3377 rc
799 3324 857 3394 ipsa
869 3323 928 3376 addi
940 3324 1077 3393 quidquam
1125 3322 1158 3378 V.
1175 3324 1254 3386 παίζει
1271 3320 1396 3390 ἐνταῦθα,
1415 3325 1582 3400 σμικρολόγον
1602 3328 1679 3382 αὐτὸν

519 3429 587 3483 opus
605 3417 658 3465 est:
676 3412 753 3465 verba
772 3410 896 3483 κάγχανεῖ
911 3408 993 3482 τούτῳ
1012 3409 1077 3481 μέγα
1125 3409 1169 3462 καὶ
1199 3406 1325 3481 δξδδυμον
1355 3410 1445 3483 λέγων.
1484 3414 1681 3488 κυμινοπρίστας

520 3500 586 3554 satis
599 3498 743 3563 ostendunt,
762 3495 874 3570 φιάλλειν
893 3512 949 3549 esse
966 3497 1076 3562 sorbere,
1127 3496 1174 3568 γὰρ
1197 3496 1256 3555 τοὺς
1278 3496 1416 3570 φειδωλοὺς
1433 3499 1477 3551 καὶ
1499 3501 1680 3573 σμικρολόγους

522 3585 656 3660 ἐγχάσκειν
676 3599 735 3638 vero
753 3600 804 3637 non
821 3584 932 3637 sorbere.
961 3582 1027 3635 Nam
1037 3583 1080 3651 qui
1129 3580 1245 3636 ἐκάλουν.
1278 3580 1401 3657 συνέδιγκε
1419 3584 1447 3638 δέ
1468 3585 1514 3657 τὴν
1533 3586 1597 3648 λέξιν
1616 3590 1681 3657 μετὰ

521 3688 552 3725 os
581 3671 660 3726 habet
690 3673 819 3739 apertum,
850 3670 871 3721 is
901 3668 1003 3721 sorbere
1029 3684 1079 3721 non
1128 3670 1174 3720 τοῦ
1195 3668 1328 3741 καρδάμου
1346 3672 1380 3735 (ν.
1395 3671 1456 3736 455)
1475 3671 1618 3741 διαβάλλων
1637 3676 1680 3729 αδ-

520 3761 617 3827 μοίυυί.
1127 3752 1172 3806 τὸν
1195 3752 1232 3813 ὡς
1251 3752 1387 3826 δξέδυμον.
1402 3787 1445 3810 ,-
1465 3758 1545 3821 παίζει
1565 3763 1633 3835 παρὰ
1651 3762 1680 3815 τδ

1128 3838 1242 3909 κδμινον,
1260 3840 1337 3895 ὅέστι
1349 3842 1508 3916 δριμύτατον.
1530 3847 1573 3899 καὶ
1584 3847 1613 3900 τὸ
1627 3867 1681 3918 σμι-

1128 3926 1264 3999 κρολόγον,
1287 3928 1390 4001 πρίστας
1412 3931 1460 4004 γὰρ
1482 3932 1541 3991 τοὺς
1562 3934 1681 4007 μικρολό-

1127 4030 1187 4082 γους
1210 4012 1328 4067 ἐκάλουν.
1351 4043 1385 4053 -
1401 4013 1579 4090 ΙΣμικρολιίγοι
1604 4020 1680 4072 ctiam

1127 4099 1337 4175 καρδαμογλίιρυι
1354 4102 1473 4168 audiunt,
1496 4104 1547 4158 vid.
1569 4105 1680 4172 Hesych.

519 4244 598 4311 τῆσαι
614 4238 751 4312 κάγχανεῖν
776 4265 810 4275 -
832 4237 876 4289 καὶ
898 4238 933 4307 μὴ
957 4235 1079 4310 φιάλλειν.
1127 4202 1217 4342 {agn
1236 4189 1441 4343 :gpffitpfffi
1458 4189 1546 4329 mgb,
1563 4190 1681 4330 ἓξὲξ

574 4375 600 4413 ν.
614 4357 689 4413 1351.
711 4358 808 4411 Versus
819 4360 930 4412 numeris
942 4360 1077 4429 pessimus.
1127 4357 1163 4410 111
1173 4376 1199 4427 p.
1212 4360 1271 4414 499.
1289 4347 1421 4431 Pcsidippi
1439 4377 1479 4430 ap.
1492 4360 1552 4415 Ath.
1570 4361 1616 4426 IX,
1630 4360 1680 4413 376

522 4446 690 4516 scripserim:
709 4443 753 4496 ἐὰν
772 4443 848 4516 δὲμὴ
867 4446 921 4497 νυνὶ
934 4447 993 4520 γένγγ
1008 4446 1076 4515 κακὴ
1127 4460 1149 4499 c.
1174 4445 1206 4498 M.
1226 4444 1254 4498 O.
1274 4446 1312 4500 IV
1335 4464 1361 4515 p.
1383 4445 1442 4500 521.
1464 4474 1497 4483 -
1520 4446 1636 4501 Eustath.
1654 4464 1680 4515 p.

521 4532 596 4603 γυνή.
610 4529 695 4585 Schol.
702 4530 878 4601 μιμεῖταιτοδς
885 4532 1029 4592 νεανίσκους
1038 4532 1078 4585 λέ·
1130 4528 1203 4595 1828,
1222 4531 1251 4583 G:
1274 4530 1419 4602 λιμοκίμβιξ
1435 4533 1479 4584 καὶ
1495 4531 1680 4602 κυμινοκίμβιξ.

520 4615 1078 4696 γοντας[(πρδςτοίςέταίραςκαὶὀμνύντας)],
1127 4616 1202 4670 Mein.
1221 4615 1249 4670 G.
1265 4616 1303 4671 lv
1320 4634 1345 4687 p.
1364 4617 1422 4673 630.

574 3893 598 3931 ν.
630 3875 705 3930 1349.
749 3876 872 3949 κάγχανεῖ
896 3872 993 3947 τυδτιμε
1022 3875 1077 3930 scil.

519 3968 560 4035 τῷ
582 3963 643 4017 πέιι.
680 3962 764 4016 Schol.
790 3960 845 4030 ἅμα
868 3960 895 4013 δέ
917 3960 961 4014 καὶ
983 3979 1079 4031 κακεμ-

520 4050 620 4123 φάτυς.

574 4171 599 4207 ν.
619 4151 694 4206 1350.
729 4151 850 4225 είργάσιυε
868 4152 924 4205 scit.
941 4150 971 4204 τδ
989 4149 1078 4212 ἐξαπα-

1475 4703 1529 4757 24*
