4484 5467
1028 612 1225 688 nonnus
1648 630 1710 698 ³25

702 790 766 858 ἀλλ’
788 790 980 876 Ἡρακλέους
1001 792 1091 877 ὀργήν
1111 791 1165 857 τιν’
1184 791 1267 879 ἔχων
1282 800 1359 860 τοῖσι
1377 798 1528 881 μεχίατοις
1542 802 1709 890 ἐπιχειρεῖν,

703 902 844 990 δραοέως
867 903 973 975 ξυστὰς
995 902 1088 974 εὐδὺς
1111 904 1166 968 ἀπ’
1191 908 1291 991 ἀρχῆς
1313 906 1399 993 αὐτῷ
1420 917 1465 995 aqi
1481 915 1709 1001 καρχαρόδοντι,

704 1013 742 1079 οὔ
765 1013 929 1080 δεινόταται
953 1015 1007 1100 μέν
1030 1015 1086 1079 ἀπ’
1105 1016 1275 1102 ὀρδαλμῶν
1297 1016 1415 1107 Κύννης
1430 1023 1543 1095 ἀκτῖνες
1560 1024 1707 1115 ἔλαμπον,

701 1127 806 1192 έκαπδν
829 1128 863 1192 δὲ
885 1126 987 1212 κόκλιρ
1003 1129 1131 1214 κεφαλαὶ
1145 1132 1286 1194 κολάκων
1303 1131 1523 1218 οἰμωξομένων
1537 1138 1706 1225 ἐλιχμῶντο

700 1240 768 1325 πιρί
788 1240 843 1325 τὴν
864 1240 1012 1326 κεφαλήν·
1040 1241 1143 1325 φωνὴν
1171 1240 1200 1304 δ’
1225 1240 1307 1329 εἶχεν
1334 1246 1490 1331 χαράδρας
1511 1244 1641 1338 ὄλεθρον
1663 1278 1705 1318 τε·

1370 1357 1501 1437 τοκυίας,

586 1628 606 1663 ν.
619 1609 691 1663 1030.
728 1616 781 1668 τοῖς
798 1609 830 1662 R.
849 1608 880 1660 V.
899 1603 925 1662 Γ.
943 1615 1007 1663 τοῖσι
1024 1610 1108 1679 vulgo.

587 1695 689 1750 11031.
725 1692 828 1753 Κόννας
851 1694 913 1749 Cob.
936 1694 967 1750 V.
990 1696 1018 1749 L.
1046 1713 1071 1765 p.
1095 1696 1154 1750 tot.
1177 1691 1198 1768 ᾦ
1223 1712 1269 1764 pro
1292 1694 1321 1749 οὔ
1339 1697 1446 1753 Heeier.
1469 1701 1561 1759 linem.
1583 1706 1635 1761 1.1.
1658 1708 1704 1763 διι-

613 1782 709 1855 νότεραι
725 1782 810 1836 Kiehl.
828 1782 884 1836 eod.
903 1782 920 1835 l.

585 1884 604 1920 ι.
617 1868 687 1922 1033.
725 1867 833 1941 κεφαλαὶ
850 1868 934 1936 vulgo.
953 1867 1063 1938 γλῶτται
1081 1870 1241 1938 proponebat
1259 1870 1342 1924 Bentl.

645 1986 677 1993 -
694 1955 809 2029 ἰλιχμῶν
827 1956 903 2020 lunt,
920 1970 984 2023 quae
1002 1954 1096 2023 alioqui
1114 1956 1203 2023 paucis
1221 1956 1321 2008 laborat
1337 1957 1443 2023 mendis,
1462 1959 1530 2015 Crat.
1544 1962 1618 2016 Frob.
1636 1965 1701 2019 lunt.

614 2043 685 2096 1540.
713 2072 747 2079 -
776 2039 957 2111 οἰμωξομένων
980 2043 1010 2095 tt.
1034 2042 1062 2093 V.
1092 2041 1119 2094 C.
1143 2041 1213 2095 Snid.
1236 2057 1257 2095 s.
1279 2059 1303 2096 ν.
1326 2038 1426 2108 Κόννα,
1456 2045 1569 2116 Bergler.
1591 2048 1700 2105 Brunek.

611 2128 695 2183 Reish.
714 2128 895 2199 οἰμωξομένων
914 2128 972 2183 illd.
990 2128 1057 2181 [unt.
1074 2129 1149 2182 Kust.

544 2332 591 2388 que
602 2319 779 2390 Aristophanis
796 2333 853 2372 esse
870 2318 990 2384 tabulam,
1008 2335 1095 2389 quam·
1146 2317 1263 2373 Ceterum
1286 2334 1331 2372 our
1358 2319 1420 2392 φησί
1441 2323 1543 2391 saepius
1564 2329 1699 2394 repetitum

543 2419 615 2474 quam
632 2407 715 2460 alieno
733 2406 834 2459 nomine
856 2405 970 2471 doctam,
991 2409 1017 2458 et
1037 2406 1094 2459 reli·
1145 2405 1264 2471 langueat
1276 2407 1315 2470 (nt
1326 2406 1426 2459 Hirsoh.
1439 2412 1543 2475 penset),
1553 2426 1603 2464 non
1616 2414 1697 2466 rideo.

523 2495 585 2562 ‚qui
601 2508 687 2547 omnes
706 2496 732 2545 et
749 2493 858 2545 maxime
871 2490 932 2545 Cleo
949 2492 1093 2561 exagitatus
1145 2491 1212 2544 Num
1230 2492 1278 2565 ἔφη
1296 2493 1322 2545 in
1340 2495 1484 2549 narratione
1501 2499 1643 2553 sexcenties
1661 2517 1699 2554 re-

539 2580 643 2633 dolebat.
678 2578 798 2633 Comicus
815 2593 888 2643 vero,
913 2582 942 2630 ut
958 2582 1047 2647 postea
1065 2594 1093 2632 se
1144 2578 1268 2645 petitum?

538 2664 621 2734 ipsum
646 2662 911 2735 aopploltidoaaltov
938 2664 1092 2734 appellabat,
1194 2679 1218 2715 v.
1244 2663 1317 2719 1030.
1358 2664 1448 2739 ὀρηηνε
1479 2670 1559 2724 sehol.
1586 2679 1698 2742 γενναῖον

540 2751 654 2821 quamvis
672 2755 717 2804 aut
735 2751 882 2805 Philonides
907 2754 951 2803 aut
968 2749 1098 2805 Callistra-
1148 2749 1277 2822 φρόνημα.

542 2841 646 2892 tusani
669 2837 735 2891 alius
759 2838 845 2891 neseio
863 2837 920 2905 quis
937 2853 965 2890 re
982 2853 1043 2890 vera
1062 2836 1097 2889 δι·
1198 2853 1222 2888 v.
1237 2836 1311 2890 1031.
1339 2837 1441 2899 ξυστάςι
1454 2842 1533 2894 sohel.
1548 2840 1697 2902 ιἰςέτὶτῶν

541 2923 660 2979 δίοκαλοι
677 2927 772 2989 essent
789 2925 826 2976 ita
843 2938 911 2976 nune
928 2937 1029 2991 quoque
1046 2924 1097 2991 pri-
1146 2921 1315 2976 παλαιόντων.
1328 2953 1361 2961 -—
1374 2926 1465 2979 Aesoh.
1478 2927 1505 2980 S.
1518 2943 1540 2980 c.
1554 2929 1632 2981 Theb.
1646 2930 1696 2983 678

540 3027 593 3065 mus
610 3026 672 3065 suas
688 3009 797 3075 tabulas,
813 3010 930 3079 inprimis
941 3008 1097 3076 Babylonios
1146 3005 1308 3079 ξυστήσομαι,
1325 3010 1411 3080 Bergl.

538 3102 562 3151 et
578 3097 694 3168 Equites,
713 3112 764 3149 uon
780 3095 886 3164 Equites
903 3094 971 3148 solos
988 3093 1096 3162 intelligi
1196 3094 1234 3164 τῷ
1251 3096 1446 3169 καρχαρόδοντι,
1464 3099 1537 3166 epioe
1554 3098 1602 3151 hoc
1619 3101 1697 3153 verbo

538 3183 782 3237 vnit-Praeterea
792 3180 833 3234 ότι
842 3187 942 3254 πρῶτον
952 3179 1095 3253 (εἰκιιδὴ)
1147 3180 1208 3234 tileo
1226 3182 1369 3251 appellatur
1385 3184 1444 3237 Pae.
1463 3183 1526 3248 753,
1549 3190 1575 3236 et
1596 3186 1622 3236 in
1642 3201 1697 3238 ora-

489 3297 501 3307 *
537 3269 594 3343 ἦρξε
612 3285 666 3323 non
684 3271 791 3338 apparet
808 3267 859 3320 diei
880 3282 958 3336 posse
981 3267 1013 3320 de
1030 3268 1094 3335 ipsa,
1146 3268 1203 3320 culo
1220 3268 1305 3337 liquit.
1319 3268 1385 3321 1017
1398 3269 1458 3321 Cleo
1475 3285 1503 3321 se
1519 3270 1604 3338 ipsum
1622 3274 1697 3323 vocat

536 3372 599 3425 quae
617 3355 711 3424 agitur,
728 3353 823 3417 tabula,
847 3352 893 3422 sed
911 3352 941 3405 de
959 3353 1032 3406 initio
1051 3352 1094 3406 do·
1145 3352 1210 3406 κόνα
1236 3353 1436 3427 καρχαρόδοντα.
1477 3355 1546 3408 ldem
1574 3352 1697 3428 Κέρβερος

536 3443 615 3497 eendi.
643 3439 712 3510 quod
730 3441 770 3492 est
792 3456 807 3491 a
829 3438 1039 3503 DaetaleusibuS,
1065 3442 1094 3491 ut
1146 3440 1217 3491 audit
1234 3438 1280 3507 Eq.
1301 3440 1374 3494 1030.
1392 3441 1452 3494 Pac.
1470 3441 1520 3494 313
1537 3442 1624 3506 (Det).

535 3528 680 3599 significent
695 3527 787 3579 rerba:
804 3524 1047 3594 posthaetalenses.
1060 3553 1093 3563 —
1194 3542 1217 3577 v.
1250 3525 1323 3580 1032.
1366 3523 1478 3600 Κόννηςι
1505 3528 1583 3581 schol.
1610 3524 1698 3582 Κόννα

535 3615 613 3669 Porro
632 3630 646 3668 e
664 3612 792 3667 simillimo
811 3612 886 3664 Paeis
904 3611 954 3663 749
964 3626 1019 3680 sqq.
1036 3611 1092 3664 loeo
1142 3612 1232 3684 πόρνη.
1251 3612 1333 3681 ,μετὰ
1346 3608 1448 3665 Κύνναν
1462 3614 1505 3665 καί
1517 3610 1697 3689 Σαλαβακχώ“

534 3717 578 3771 pro
600 3697 747 3773 ἀνθρώποις
773 3697 836 3771 μήτ’
862 3693 1003 3761 muttum,
1029 3713 1093 3765 quae
1143 3697 1305 3767 Ερυ11.765.
1341 3699 1420 3763 Quasi
1441 3699 1548 3752 dixisset
1565 3701 1697 3766 ἀναιδείας,

535 3788 638 3857 vulgata
650 3789 691 3839 est
703 3785 787 3850 lentio,
805 3783 919 3837 nonnulli
931 3784 1093 3837 coniecerunt
1143 3784 1212 3847 (Pac.
1237 3784 1297 3848 755)
1320 3785 1360 3838 rel
1382 3784 1471 3850 κυνός,
1498 3787 1566 3853 quod
1591 3789 1696 3841 verbum

536 3871 720 3946 ἰνδρωπίοκοις
732 3869 905 3939 reponendum
917 3884 982 3923 esse.
1007 3869 1091 3923 Schol.
1142 3870 1301 3923 subauditur.
1328 3871 1402 3924 Hom.
1429 3871 1457 3925 ll.
1485 3872 1509 3937 Ι,
1538 3873 1588 3927 225
1614 3890 1696 3942 comp.

536 3960 565 4013 ad
583 3956 746 4031 ἀνθρώποιςι
758 3985 792 3994 -
805 3956 871 4009 ἀλλὰ
882 3955 966 4029 τίραοι
978 3956 1021 4007 καί
1039 3954 1091 4008 δαί-
1141 3956 1225 4025 Bergl.

536 4063 598 4120 μιει.
637 4044 775 4113 vulgatam
793 4044 816 4096 ei
833 4046 944 4108 tuemur,
966 4050 1030 4095 τοῖαι
1047 4062 1095 4112 pe.
1193 4060 1209 4095 ν
1232 4041 1306 4096 1033.
1327 4040 1456 4109 κολάκων,
1469 4048 1498 4101 ut
1510 4045 1602 4097 Theoti
1614 4045 1696 4107 istius,

536 4132 624 4200 γίττοις
654 4131 756 4183 dativus
791 4130 906 4182 neutrius
941 4133 981 4184 est
1014 4130 1090 4200 idque
1140 4145 1216 4199 quem
1232 4130 1349 4184 novimus
1368 4146 1400 4184 ex
1417 4148 1442 4186 v.
1460 4131 1494 4184 42
1513 4147 1567 4201 sqq.

537 4216 1089 4286 scholiastumsensisseapparet2rolptpora
1191 4214 1386 4285 οἰμωξομένων,
1412 4218 1478 4270 male
1495 4216 1695 4280 muleaudornm,

537 4304 609 4357 =rd
631 4303 739 4373 τέρατα,
767 4301 789 4353 οἱ
811 4301 936 4370 δαίμονες.
972 4303 1045 4367 Quod
1068 4304 1090 4356 si
1139 4306 1169 4355 ut
1196 4303 1260 4357 Run.
1280 4303 1337 4357 178.
1364 4303 1423 4357 279.
1449 4303 1508 4357 alib.
1536 4304 1607 4355 Dent.
1633 4300 1694 4371 πρὸς

538 4389 666 4444 masculini
684 4390 731 4453 est,
749 4391 808 4440 ante
820 4384 962 4461 ἀνθρώποις
974 4389 1090 4444 desidero
1140 4385 1220 4463 Λακρ.
1237 4406 1263 4458 p.
1282 4389 1340 4443 958.

538 4476 681 4539 articulum
699 4475 861 4543 praetulerim
879 4482 931 4534 τοῖς
949 4472 1091 4547 ἀνθρώποις
1191 4492 1215 4528 ν.
1248 4474 1321 4528 1034.
1369 4475 1472 4547 φωνὴνι
1503 4475 1581 4528 sehol.
1609 4471 1693 4544 ἐπειδὴ

540 4558 662 4615 baliada:
680 4561 720 4614 rel
737 4568 790 4619 τοῖς
803 4560 920 4623 ἰδιώταις,
938 4578 1089 4631 qrramqunm
1141 4558 1232 4614 Κλέων
1242 4562 1286 4624 (itu
1297 4560 1371 4612 Mein.
1382 4561 1410 4612 G.
1422 4560 1482 4630 Hp.
1493 4560 1597 4629 275ρ1ο
1606 4558 1693 4623 πλέον)

539 4645 604 4702 deest
632 4648 755 4702 artierdus
780 4648 858 4701 etiam
884 4649 944 4703 Pae.
971 4650 1029 4704 751.
1055 4677 1089 4687 -
1139 4666 1164 4702 τι
1184 4651 1231 4701 τοῦ
1257 4647 1396 4721 χειμάρρου
1422 4646 1457 4709 rt<
1482 4646 1629 4723 τραχυτητα
1650 4648 1694 4701 καὶ
