4484 5467
967 635 1163 698 ΣΦΗΚΕΣ

420 826 533 882 535
638 811 708 879 ἀλλ’
733 812 861 899 ἐξάγετ’,
884 813 915 878 εἴ
930 840 957 879 τι
980 812 1085 901 φιλεῖτ’
1108 813 1299 900 ὀρχούμενοι,
1322 811 1434 899 θύραζε

637 928 721 1013 ἡμᾶς
742 926 834 1014 ταχύ·
855 930 944 992 τοῦτο
968 927 1026 1013 γὰρ
1050 926 1149 997 οὐδείς
1171 952 1220 990 τω
1242 928 1338 1012 πάρος
1360 925 1510 1012 δέδρακεν,

637 1036 825 1124 ὀρχούμενος
846 1035 926 1108 ὅστις
948 1039 1121 1122 ἀπήλλαξεν
1145 1036 1238 1123 χορὸν
1259 1039 1432 1123 morphan.

461 1290 511 1327 v.
545 1274 627 1330 1535.
663 1276 755 1351 φιλεῖτ’
775 1275 931 1351 ὀρχοΰμενοι,
949 1276 1025 1346 vulgo
1043 1278 1119 1329 recte.
1139 1274 1240 1348 φιλεῖτ’,
1260 1272 1409 1350 ὀρχοΰμενοι
1427 1276 1518 1344 Bergk.

469 1376 519 1414 v.
548 1362 628 1417 1536.
663 1364 825 1437 ἡμᾶςνΠΙςο.
842 1363 908 1433 ὑμᾶς
925 1363 1056 1417 Bentleius
1075 1362 1164 1426 (schol.
1177 1360 1275 1433 ἐξάγετε
1290 1361 1408 1423 tanaoiz:
1426 1363 1442 1418 i.
1456 1379 1477 1416 e.
1491 1362 1556 1432 ὑμᾶς
1569 1360 1635 1427 ἔξω),

535 1466 633 1519 recep.
651 1449 744 1520 Bergk.
859 1470 862 1476 ’

471 1549 517 1587 v.
545 1536 626 1590 1537.
662 1530 870 1611 ὀρχούμενόςτις
887 1538 918 1591 R.
932 1536 998 1590 Grai.
1017 1535 1083 1588 lunt.
1101 1532 1255 1608 ὀρχοΰμενος
1273 1534 1339 1596 ὅστις
1357 1531 1384 1589 Γ.
1402 1540 1478 1590 recte.

584 1620 750 1697 ὀρχοὺμενον,
768 1622 834 1683 ὅστις
851 1621 1002 1696 ἀπήλλαξεν,
1020 1620 1096 1695 χορὸν
1115 1621 1267 1693 τραγιρδῶνς
1286 1624 1336 1676 ie.
1356 1637 1437 1687 aromo,
1455 1624 1498 1691 qui
1516 1623 1564 1675 hoc
1576 1623 1636 1675 iecit

537 1708 623 1763 choro
646 1711 757 1778 tragico,
783 1711 864 1763 evasit
884 1710 901 1764 i.
919 1726 941 1761 e.
966 1710 1068 1778 impune
1086 1707 1183 1772 hahuit,
1202 1706 1481 1782 Bentleidppolpcooo
1498 1709 1536 1768 τίς
1555 1708 1635 1779 ἀπήλ-

537 1793 620 1857 λαξεν
648 1794 725 1869 χορὸν
753 1795 890 1868 τρνφῳδῶν
919 1794 1098 1862 interrogative
1126 1793 1238 1862 Bergler.
1256 1823 1290 1833 -
1313 1792 1467 1869 ὀρχοΰρενον
1489 1792 1556 1855 ὅστις
1578 1795 1635 1848 hid.

537 1880 622 1937 Frob.
640 1882 724 1950 vulgo.
745 1879 898 1956 ὀρχούμενος
914 1881 1007 1950 Enger.
1111 1949 1116 1957 Ι

579 1966 717 2041 puppam
735 1968 766 2021 R.
785 1968 816 2022 V.
833 1967 899 2022 lunt.
917 1968 991 2021 Kust.
1008 1966 1092 2035 vulgo.
1110 1965 1248 2039 τραγῳδῶν
1267 1966 1297 2021 Β.
1316 1965 1343 2020 0.
1362 1961 1390 2022 h.
1409 1967 1466 2021 Ald.

449 2167 569 2245 ὄρχεις,
586 2171 685 2248 ὄρχιλον
704 2171 791 2238 alludi,
809 2175 940 2241 praeterea
955 2173 1030 2226 etiam
1081 2172 1108 2225 id
1137 2176 1238 2241 tempus
1268 2172 1378 2226 nondum
1408 2173 1504 2225 iactum
1533 2174 1574 2227 sit.
1614 2174 1634 2226 li

452 2256 495 2309 ad
513 2266 601 2332 τρεῖς,
617 2260 783 2330 perspicuum
800 2263 847 2312 est.
1081 2274 1141 2328 ergo
1158 2259 1185 2311 in
1203 2259 1358 2313 orchestram
1376 2259 1544 2324 descendunt,
1566 2260 1634 2312 simi-

516 2360 549 2398 v.
568 2345 639 2400 1535.
666 2345 722 2399 ἀλλ’
736 2344 843 2417 ἑξάγετί
862 2346 954 2399 chorus
966 2346 1030 2398 haec
1080 2345 1164 2412 lisque
1195 2344 1225 2397 fit
1251 2344 1326 2411 chori·
1353 2346 1437 2397 exitus
1463 2361 1573 2414 pompae
1597 2344 1635 2396 illi

462 2427 500 2480 ad
519 2428 676 2500 Carcinites.
713 2432 799 2486 Schol.
817 2431 849 2487 V.
867 2430 977 2505 εὐχερῶς
995 2430 1029 2495 δέ,
1080 2430 1284 2482 Eumenidarum.
1328 2429 1387 2497 lpse
1423 2430 1515 2483 chorus
1544 2446 1633 2498 gressu

466 2510 507 2572 ὧς
525 2515 558 2570 ἐν
577 2517 647 2584 τέλει,
663 2518 713 2588 τὴν
725 2515 809 2579 leodos
822 2522 875 2570 τῶν
888 2517 1030 2590 προσώπων
1079 2515 1184 2586 paulum
1205 2515 1323 2568 alacriori
1347 2515 1467 2581 discedit,
1491 2515 1634 2568 Carcinitae

469 2596 594 2667 βοΰλεττι
608 2608 717 2676 ποιῆσαι.
754 2602 863 2658 Omnino
885 2602 961 2657 finem
979 2604 1030 2658 fac·
1079 2600 1259 2663 ἑκλακτίζουσι.
1295 2601 1380 2654 Schol.
1403 2601 1538 2675 εἰσέρχεται
1555 2601 1633 2674 palpo

472 2686 550 2741 turus
570 2693 613 2744 est.
1079 2687 1156 2761 χορὸς
1173 2685 1338 2761 ὀρχούμενος,
1357 2686 1476 2758 οὐδαμῶς
1494 2687 1521 2741 δὲ
1538 2686 1634 2762 ἐξέρχε-

525 2801 565 2813 -
593 2776 678 2851 φιλεῖτ’
713 2774 876 2850 ὀρχοιλμενοι,
906 2778 935 2829 ut
963 2777 1031 2831 Plut.
1080 2792 1135 2838 ται,
1157 2788 1192 2826 sc.
1216 2771 1381 2846 ὀρχοΰμενοςς
1409 2775 1569 2843 „quicunqne
1593 2791 1635 2828 co·

482 2852 527 2911 ⁸45
557 2862 632 2935 φιλεῖς
653 2862 680 2916 ei
705 2861 784 2935 dpdaa’
810 2863 842 2927 (i.
865 2878 887 2915 e.
910 2862 1030 2928 atanassi
1079 2860 1201 2911 micorum
1215 2859 1320 2912 chorum
1332 2858 1464 2925 dimiserit,
1476 2860 1536 2912 dnm
1549 2861 1634 2925 saltat,

484 2940 540 2997 alth
560 2948 659 3023 σφόδρα,
1080 2945 1191 2997 nondum
1209 2962 1266 2999 eum
1285 2948 1419 3000 comitatus
1436 2950 1475 3000 est
1492 2946 1633 2999 saltando.“

530 3045 556 3083 ν.
577 3033 644 3088 1536.
671 3033 832 3108 ἡμᾶςταχΰε
851 3035 1029 3102 choruscum
1079 3030 1167 3098 Itaque
1201 3033 1233 3084 ad
1268 3032 1384 3106 δέδρακεν
1413 3033 1537 3101 suppleo:
1567 3030 1632 3084 ὥστε

492 3116 569 3181 egredi
592 3121 744 3175 orchestram
770 3125 855 3191 parat,
887 3120 1029 3176 Carcinitas
1079 3114 1232 3191 ὀρχοὺμενος
1250 3118 1384 3191 ἐξαγαγεῖν.

494 3196 553 3253 lohet
575 3219 599 3259 se
619 3210 733 3263 comitari
756 3208 886 3274 saltando,
902 3208 977 3277 quod
994 3208 1027 3262 ad
