4484 5467
1027 652 1223 718 ΣΦΗΚΕΣ

698 833 772 924 ᾅξας
794 838 928 911 ἐδίκαζεν
952 837 994 908 είς
1015 835 1048 899 τδ
1070 832 1182 899 Καινὸν
1206 832 1355 918 ἐμπεσών.
1375 839 1380 848 ’
1433 844 1446 852 “”
1497 841 1501 849 ’

700 950 753 1045 ὅτε
771 954 848 1036 δῆτα
870 951 990 1021 ταύταις
1011 954 1077 1019 ταῖς
1098 945 1309 1054 τελεταῖςὶοδκ
1331 943 1452 1031 ὠφέλει,
1532 956 1535 962 .

699 1046 869 1129 διέκλευσεν
893 1063 1091 1148 είςἈῖ-μναν·
1124 1060 1189 1125 εἶτα
1213 1060 1370 1148 συλλαβὼν
1428 1071 1431 1076 ’
1471 1069 1475 1076 ’

698 1175 814 1262 νύκτωρ
837 1176 1005 1241 κατέκλινεν
1028 1174 1118 1239 αὐτὸν
1141 1173 1183 1242 είς
1202 1170 1406 1257 Ἀσκληπιοῦ·
1446 1204 1466 1209 ··

700 1288 715 1351 δ
739 1288 768 1352 δ’
793 1290 925 1375 ἀνεφάνη
949 1292 1091 1374 κνεφαῖος
1113 1286 1162 1349 ἐπὶ
1182 1291 1224 1368 τῇ
1244 1285 1379 1368 ripalta..
1403 1293 1406 1300 .
1471 1299 1474 1304 .
1529 1295 1532 1301 .

541 1418 594 1472 125
702 1401 840 1468 ἐντεῦθεν
865 1400 964 1467 οὐκέτ’
990 1400 1079 1465 αδτδν
1103 1399 1306 1486 ἐξεφρείομεν.
1346 1428 1365 1434 ··
1392 1406 1395 1411 “

703 1514 718 1576 ὅ
742 1514 770 1578 δ’
796 1515 986 1603 ἐξεδίδρασκε
1009 1515 1058 1578 διαί
1079 1538 1111 1578 τε
1133 1516 1193 1578 τῶν
1217 1512 1410 1597 ὑδρορροῶν

577 1704 602 1740 v.
617 1685 675 1741 120.
704 1686 738 1746 εἰς
751 1687 782 1743 R.
793 1687 825 1740 V.
838 1686 872 1746 είς
884 1691 910 1740 et
920 1681 952 1746 ’ἐς
969 1684 1045 1740 Diud.
1061 1685 1086 1744 ἐς
1098 1685 1202 1738 Kustor.
1215 1679 1324 1737 Brunck.
1338 1679 1371 1742 είς
1384 1679 1482 1751 reliqui.
1509 1673 1547 1737 De
1559 1681 1704 1741 discrimino

613 1779 659 1828 τοῦ
687 1776 720 1835 εἰς
746 1780 772 1828 et
789 1774 814 1835 ἐς
838 1777 939 1845 copiose
961 1777 1020 1843 post
1042 1773 1184 1826 Porsonum
1206 1770 1238 1822 ad
1259 1764 1356 1823 Hecub.
1378 1784 1417 1837 pr.
1435 1765 1500 1824 LVI.
1541 1770 1660 1827 Elmslei.·
1670 1758 1705 1826 ad

615 1864 725 1920 Acharn.
738 1864 781 1918 42.
799 1863 967 1916 Fritzschiruu
979 1862 1011 1914 ad
1024 1862 1126 1914 Thesm.
1140 1858 1190 1912 (357
1202 1855 1322 1923 exposuit
1332 1854 1448 1923 Engerus
1459 1854 1566 1924 Lysistr.
1576 1874 1603 1918 ν.
1616 1859 1629 1911 1
1644 1862 1669 1911 et
1681 1859 1706 1913 2.

578 1967 603 2004 ν.
619 1950 676 2021 121.
712 1947 754 2002 ὅτε
771 1947 802 2020 δὴ
821 1946 848 2000 δὲ
874 1947 958 2016 vulgo.
985 1945 1050 2016 δῆτα
1074 1945 1105 1999 R.
1123 1944 1155 1997 V.
1181 1942 1281 1995 Inrern.
1304 1932 1373 1994 Reis.
1400 1939 1472 1994 Coni.
1488 1957 1514 2010 p.
1533 1941 1592 1998 228.
1624 1928 1706 1999 Beki.

615 2034 717 2087 Hirsch.
730 2032 825 2101 Bergk.
836 2030 982 2090 Dirrdorfius
994 2031 1021 2082 in
1034 2028 1172 2082 oxoniensi
1184 2026 1257 2098 δῆτα,
1273 2027 1301 2079 in
1312 2026 1451 2079 Parisiensi
1462 2025 1496 2099 lb
1507 2025 1542 2081 δέ.
1574 2028 1607 2083 ci.
1619 2029 1707 2086 lllmsl.

616 2116 740 2170 Ach.10.
775 2117 846 2169 Pors.
866 2115 898 2167 ad
915 2115 975 2183 Lys.
994 2113 1053 2168 523.
1500 2168 1503 2174 ,
1560 2101 1563 2105 ’

579 2199 856 2272 ν.125.,,ἐξερρίομεν
876 2201 906 2253 ll.
925 2203 951 2251 et
978 2198 1043 2252 l'en.
1061 2214 1111 2251 scc.
1131 2198 1192 2253 Cob.
1211 2198 1366 2273 ἐξερρείομεν
1384 2200 1469 2269 vulgo.
1504 2199 1579 2255 bino.
1597 2201 1624 2255 iu
1640 2202 1707 2257 Oxo·

578 2303 580 2307 ·
616 2282 872 2357 οίοοείέξερρίομεν,
891 2282 950 2336 dum
969 2284 994 2335 in
1014 2287 1148 2338 comment.
1166 2286 1271 2338 alteram
1288 2286 1396 2338 formam
1412 2285 1513 2355 probat,
1530 2286 1556 2339 iu
1569 2271 1707 2343 Parisiensi

617 2370 783 2445 ἐξερρείομεν.
806 2387 830 2425 ν.
855 2370 912 2424 156.
939 2369 1088 2442 ἐκφρήσετέι
1116 2371 1148 2425 cl.
1169 2370 1270 2437 εελείω,
1293 2371 1398 2444 δρασείει
1419 2372 1520 2425 similia.
1559 2372 1618 2428 Alia
1640 2390 1708 2429 com-

544 2518 684 2583 t'ympano‚
706 2525 764 2578 >quo
786 2510 819 2564 .in
849 2508 927 2561 sacris
953 2509 1104 2578 peragendis
1155 2509 1205 2562 922
1230 2509 1354 2583 ὐδρορρόα
1379 2511 1493 2565 καλεῖται
1513 2509 1543 2564 τὸ
1566 2513 1646 2585 μέρος.
1660 2519 1710 2587 τῆς

548 2615 612 2652 usus
631 2600 707 2661 esset,
726 2596 858 2649 exsiluisse
876 2598 952 2662 atquo
968 2596 995 2647 in
1012 2610 1106 2648 nouum
1156 2596 1309 2667 στιφανίδος,
1328 2596 1359 2650 δι’
1386 2596 1462 2650 οὔτὸ
1481 2596 1593 2652 ἀπὸτοῦ
1611 2598 1708 2675 δμβροο

540 2687 631 2739 inrum
650 2684 754 2736 irruisse
770 2681 940 2735 iudicaturum
957 2679 1040 2735 iinxit.
1067 2681 1105 2734 De
1155 2679 1223 2754 ὕδωρ
1241 2682 1411 2752 συναγόμενον
1431 2685 1589 2758 κατέρχεται.
1614 2686 1711 2741 Eadem

549 2769 739 2839 Corybantibus
766 2767 797 2820 ci.
820 2767 899 2820 schol.
925 2766 986 2836 Lys.
1008 2766 1059 2821 558
1081 2771 1107 2820 et
1155 2767 1234 2820 schol.
1252 2768 1362 2823 Acharn.
1385 2769 1459 2823 1186.
1495 2769 1653 2840 Comparatis
1671 2775 1711 2828 his

551 2860 611 2911 Pac.
625 2855 684 2909 277Ι
715 2855 847 2922 Tympana
864 2854 891 2905 in
908 2853 963 2905 foro
981 2881 1015 2891 —
1031 2854 1107 2907 huius
1156 2853 1227 2916 locis,
1244 2869 1353 2921 namque
1370 2854 1464 2908 Eubuli
1482 2872 1522 2924 ap.
1535 2856 1627 2912 Athen.
1639 2858 1711 2925 XIII,

549 2944 600 2996 ioci
624 2957 701 2993 causa
722 2939 792 2993 istud
809 2938 991 3011 ἐκορυβάντιζε.
1027 2939 1108 2991 Aliter
1157 2938 1237 2991 5511.
1255 2939 1340 3002 (Mein.
1353 2939 1531 3009 umpaso)
1549 2943 1642 2998 nullius
1654 2962 1712 3014 pro-

550 3030 645 3097 Bergk.
664 3027 718 3080 llol.
737 3026 807 3079 Corn.
825 3042 855 3094 p..
870 3025 928 3079 216.
1157 3024 1224 3077 fecto
1242 3026 1370 3099 momenti,
1388 3030 1495 3094 apparet
1516 3028 1616 3082 canales
1633 3031 1712 3085 fuisse

603 3132 628 3168 ν.
648 3113 705 3166 120.
739 3110 769 3164 τδ
796 3107 905 3164 Korada:
934 3111 985 3165 rid.
1008 3111 1108 3180 Proleg.
1157 3096 1225 3163 iirtra
1251 3110 1351 3163 aedium
1376 3126 1462 3164 muros
1486 3110 1521 3164 ¹ad
1541 3112 1626 3181 ipsum
1647 3119 1714 3171 muri

550 3219 577 3271 p.
598 3200 656 3253 104.
676 3197 732 3251 113.
1158 3198 1293 3265 parietem,
1311 3202 1340 3249 ut
1357 3200 1425 3250 esset
1441 3197 1517 3269 μέρος
1533 3205 1581 3273 τῆς
1598 3207 1713 3276 maer.

605 3302 629 3337 v.
648 3284 706 3337 121.
740 3282 865 3343 τελεταῖςε
893 3285 960 3338 Vict.
983 3282 1108 3343 ἐπινοίαις.
1134 3281 1210 3341 'boa
1231 3283 1346 3350 Namque
1364 3282 1455 3336 Graeci
1472 3299 1572 3353 aquam,
1590 3294 1713 3358 quantum

553 3373 638 3437 Quum
656 3372 737 3439 patris
755 3371 864 3424 furorem
882 3372 965 3424 furore
983 3385 1033 3423 nou
1050 3385 1109 3439 pos·
1158 3368 1215 3421 fieri
1231 3369 1286 3420 eius
1297 3372 1405 3437 poterat,
1423 3371 1583 3439 excipiebant
1595 3375 1628 3429 ad
1640 3392 1714 3431 usum

553 3463 593 3513 set
611 3472 709 3521 sanare,
731 3460 831 3527 patrem
848 3458 973 3525 Aeginam
997 3457 1111 3510 traduxit
1160 3455 1336 3507 domesticum.
1375 3454 1452 3508 Coelo
1474 3471 1563 3512 sereno
1587 3477 1648 3515 aura
1669 3481 1715 3533 per

553 3543 706 3609 (belniacum
725 3544 780 3626 scil.
798 3543 863 3613 μετὰ
879 3546 925 3596 τοῦ
943 3542 1047 3615 πατρὸς)
1064 3543 1111 3596 ibi-
1160 3541 1208 3594 hos
1235 3540 1335 3593 canales
1362 3544 1520 3609 penetrabat,
1548 3561 1611 3614 quos
1638 3564 1714 3617 qnam

553 3648 604 3700 que
633 3626 786 3699 prehensum
814 3630 886 3683 illum
912 3630 940 3682 in
965 3629 1112 3697 Aesculapii
1162 3627 1240 3695 ampli
1264 3626 1359 3679 tuerint
1384 3629 1541 3696 ignoramus3
1569 3648 1646 3701 quum
1668 3637 1717 3691 hoc

553 3717 623 3782 fano,
642 3717 716 3784 quasi
732 3716 822 3769 morbo
838 3717 974 3781 laboraret,
991 3716 1112 3768 incubare
1162 3717 1229 3766 certe
1251 3712 1329 3781 Vesp.
1352 3713 1408 3765 loco
1426 3714 1452 3766 ἐν
1471 3713 1596 3794 ὑπερβολῇ
1620 3720 1715 3776 dictum

553 3802 624 3867 lecit,
659 3802 705 3855 sed
737 3803 829 3855 mirum
863 3805 985 3871 quantum
1014 3817 1112 3854 summo
1162 3800 1208 3863 sit,
1230 3814 1316 3852 senem
1336 3814 1383 3868 per
1400 3802 1501 3854 canales
1519 3806 1605 3873 egredi
1623 3810 1717 3864 conari.

555 3903 631 3941 mane
649 3888 682 3941 ad
700 3889 748 3942 fori
764 3890 895 3942 introitum
913 3889 1038 3958 apparuit.
1162 3885 1289 3939 Videntur
1304 3888 1387 3939 autem
1400 3889 1486 3956 plures
1503 3907 1608 3945 numero
1625 3893 1717 3958 fuisse;

609 3992 633 4028 v.
654 3974 710 4030 124.
745 3974 864 4045 κιγκλίδα
890 3975 942 4030 rid.
967 3976 1068 4044 Proleg.
1087 3991 1113 4043 p.
1164 3969 1291 4040 quattuor.
1310 3972 1332 4024 si
1349 3973 1441 4041 placet.
1469 3974 1565 4029 Verum
1578 3961 1719 4033 utcaualea

558 4062 607 4116 121
616 4077 654 4130 sq.
682 4062 714 4116 cf.
729 4061 851 4117 Fritzsch.
864 4062 937 4115 Daet.
950 4078 976 4131 p.
988 4061 1045 4115 126.
1057 4061 1114 4115 128.
1164 4057 1201 4109 ita
1218 4056 1295 4112 fuisse
1314 4057 1404 4112 domus
1420 4059 1547 4115 interioris
1559 4067 1658 4131 partem
1675 4079 1719 4119 er·

548 4184 552 4191 -
610 4165 635 4201 v.
654 4148 712 4203 125.
748 4144 862 4200 ἐντεῦθεν
881 4148 912 4200 de
929 4151 1043 4216 tempore
1064 4148 1116 4201 dic-
1164 4144 1288 4209 istimem,
1309 4148 1395 4198 moret
1415 4161 1456 4199 me
1477 4149 1587 4201 maxime
1608 4149 1718 4207 Acheru.

556 4239 622 4300 tum,
640 4254 673 4280 =
692 4234 721 4287 ἐκ
737 4232 829 4287 τοΰτοο
847 4233 887 4287 rel
904 4234 969 4304 μετὰ
981 4238 1069 4300 ταῦτα,
1087 4238 1116 4287 ut
1165 4247 1190 4285 r.
1208 4230 1258 4283 922
1280 4230 1436 4304 είσπίμψειεν
1458 4231 1492 4292 είς
1513 4232 1542 4286 εδ
1564 4233 1666 4307 νεώριον
1685 4234 1717 4289 δι’

557 4322 625 4376 Rau.
639 4320 697 4375 154.
714 4320 799 4389 Equit.
817 4319 876 4374 543.
1165 4316 1314 4391 blpcppdar:
1332 4317 1408 4387 quod,
1426 4334 1503 4386 quum
1515 4320 1615 4372 naualia
1627 4322 1721 4394 ¹fuerint

611 4425 636 4462 r.
656 4407 714 4462 126.
748 4407 899 4476 Inperfecta
916 4405 1070 4480 ἐξεδίδρασκε
1082 4434 1115 4445 -
1164 4407 1240 4460 tectis
1256 4406 1388 4470 instructa,
1406 4405 1455 4456 nisi
1471 4420 1517 4472 per
1529 4406 1588 4457 tecti
1601 4406 1722 4475 foramen,

559 4493 679 4566 ἐξήλλετο
697 4521 731 4532 -·
749 4492 878 4568 ἐνέκρουεν
896 4494 928 4548 de
946 4498 1047 4547 conatu.
1165 4491 1283 4545 lieriuon
1294 4492 1389 4560 potuit3
1407 4494 1492 4543 moret
1502 4493 1642 4558 praetcrea,
1654 4493 1723 4562 quod

612 4582 647 4634 ib.
660 4578 815 4654 δδρορροιδνι
825 4568 905 4635 schol.
913 4579 936 4634 cl
944 4579 1025 4633 κοῖλοι
1035 4577 1116 4643 τόποι,
1166 4581 1253 4631 nostro
1270 4576 1326 4629 loco
1335 4576 1440 4629 dictum
1457 4581 1496 4629 est
1514 4574 1676 4650 ἐξεδίδρασκε.
1688 4575 1723 4621 -·’-

560 4665 643 4727 δι’,ὧν
658 4673 738 4741 χωρεῖ
749 4666 779 4723 ab
789 4665 857 4744 ὕδωρ
865 4666 895 4723 εδ
908 4665 934 4731 ἐξ
945 4666 1035 4722 ὑετῶν.
1053 4665 1116 4746 rich.
1166 4664 1282 4748 Alterum
1311 4662 1463 4718 foraminum
1492 4678 1572 4732 genus
1601 4664 1627 4719 αί
1656 4664 1717 4726 ὀποί
