4484 5467
1087 629 1284 689 ΣΦΗΚΕΣ

896 809 966 873 σθαι
992 809 1032 893 μὴ
1055 806 1135 893 πέσῃ
1159 807 1286 894 φαύλως
1306 807 1422 893 χαμᾶζ’

968 919 1159 1009 εὐλαβεῖσθε.

894 1036 985 1097 τοῦτο
1008 1033 1065 1119 γὰρ
1090 1036 1202 1096 σκαιῶν
1224 1033 1342 1097 θεατῶν

896 1144 961 1210 ἔστι
979 1147 1116 1230 πάσχειν,
1138 1143 1194 1208 κού
1218 1146 1292 1229 πρὸς
1315 1145 1410 1229 ὑμῶν.

603 1276 669 1330 1015
758 1262 809 1323 νῦν
831 1255 902 1322 αὖτε
924 1259 986 1343 λεηλ
1007 1256 1156 1343 τρόοχετε
1177 1259 1227 1320 τὸν
1244 1262 1325 1332 νοῦν,
1348 1255 1429 1342 εἴπερ
1444 1254 1578 1340 καθαρόν
1594 1280 1621 1319 τι
1638 1261 1767 1342 φιλεῖτε,

759 1371 937 1456 μέμψασθαι
958 1370 1017 1457 ηδιρ
1039 1375 1117 1434 τοῖσι
1140 1371 1262 1439 θεαταῖς
1285 1371 1301 1432 ὁ
1323 1368 1453 1453 ποιητὴς
1475 1372 1526 1431 νῦν
1549 1368 1701 1453 ἐπιθυμεῖ.

755 1482 926 1547 ἀδικεῖσθαι
947 1486 1006 1570 γάρ
1021 1506 1111 1567 φησιν
1126 1481 1281 1567 πρότερος,
1304 1479 1388 1545 πόλλ’
1404 1479 1516 1550 αὐτοὺς
1531 1477 1565 1543 εὖ
1581 1484 1770 1566 πεποιηκώς,

669 1742 789 1806 sentiunt,
807 1741 881 1809 idque
900 1740 927 1792 in
943 1741 1088 1809 anapaestis
1100 1740 1134 1791 ad
1144 1740 1267 1792 rationem
1281 1754 1399 1792 versuum
1411 1738 1599 1807 dactylieorum
1611 1739 1667 1791 lieri
1680 1756 1768 1809 posse.

668 1826 791 1897 Exempla
817 1826 932 1878 desidero
950 1842 983 1878 ex
1000 1825 1179 1894 Aristophane.
1215 1825 1330 1890 Omissis
1360 1840 1391 1877 ne
1409 1825 1500 1893 longus
1523 1826 1584 1889 sim,
1613 1828 1768 1881 versibusa

669 1915 789 1983 Reisiglo,
808 1913 923 1977 Hotihio,
951 1912 1089 1981 Burgesio'‚
1116 1912 1256 1977 Broncldo,
1284 1912 1340 1965 aliis
1359 1912 1432 1965 aliter
1450 1913 1609 1976 constitutis,
1636 1915 1701 1981 quid
1719 1931 1768 1982 ego

669 2001 786 2064 sentiam,
806 1999 905 2052 addam.
941 1999 1007 2053 Puto
1025 2000 1101 2063 enim,
1119 1996 1292 2071 ἀναρίθμητος
1311 1998 1440 2068 dipodiam
1458 1999 1612 2051 trochaicam
1630 2014 1702 2065 esse,
1726 2004 1768 2053 oui

667 2087 819 2155 respondeat
837 2086 928 2138 altera:
952 2082 1105 2155 εὐλαβεῖσθε.
1149 2087 1211 2138 Post
1232 2089 1405 2138 tetrametrum
1428 2087 1617 2154 anapaesticum
1639 2088 1768 2139 acatalec-

667 2175 721 2223 tum
747 2173 861 2241 sequitur
888 2172 991 2242 dipodia
1017 2172 1161 2237 trochaica3
1185 2172 1245 2224 item
1265 2178 1323 2241 post
1341 2175 1516 2224 tetrametrum
1540 2172 1679 2225 iambicum
1699 2178 1766 2227 acal.

667 2258 747 2310 altera
765 2259 868 2327 dipodia
886 2258 1028 2325 tmchaica;
1057 2258 1172 2311 clausula
1195 2262 1235 2311 est
1255 2261 1403 2311 tetrameter
1427 2257 1572 2311 trochaicus
1598 2259 1766 2324 acatalectus,

666 2346 706 2397 cui
729 2346 838 2398 libenter
859 2346 999 2398 addiderim
1023 2345 1093 2399 istud
1114 2341 1260 2415 είιλαβοῖσθε
1289 2346 1433 2414 repetitum.
1467 2345 1541 2397 Hanc
1567 2359 1688 2398 versuum
1714 2346 1767 2399 lor-

666 2448 733 2483 mam
752 2432 828 2484 etiam
847 2433 987 2485 Rossbach.
1006 2432 1078 2485 Metr.
1096 2448 1122 2501 p.
1136 2431 1187 2484 273
1204 2433 1318 2501 protulit,
1336 2433 1363 2484 in
1381 2447 1411 2483 eo
1431 2431 1554 2495 diversus,
1573 2424 1767 2505 ηιιοιίάναρίθ-

669 2538 745 2591 μητοι
767 2521 913 2587 anapaestis
935 2519 1058 2572 adiunxit.
1094 2519 1151 2571 'lali
1175 2519 1249 2571 modo
1273 2520 1349 2571 etiam
1372 2518 1490 2592 μυριάδες
1513 2519 1649 2587 ancipitem
1669 2506 1768 2572 habere

665 2606 780 2657 ultimam
803 2609 887 2673 potest
910 2609 969 2657 ante
991 2608 1100 2658 metrum
1122 2608 1260 2669 mutatum,
1283 2604 1352 2673 quod
1373 2605 1440 2657 intra
1463 2605 1610 2673 systematis
1627 2604 1694 2657 fines
1714 2620 1766 2658 non

665 2691 702 2744 fit.
721 2720 754 2728 -
778 2690 894 2743 Ceterum
912 2690 1055 2745 Brunckius
1073 2692 1140 2760 quod
1159 2692 1237 2745 edidit
1255 2691 1325 2761 ὑμεῖς
1342 2694 1450 2766 ταχέως,
1468 2692 1495 2744 id
1512 2707 1569 2744 cum
1588 2692 1766 2745 antecedenti-

666 2777 713 2829 bus
732 2778 876 2843 eoniunxit,
894 2795 984 2848 parum
1001 2778 1079 2848 polite
1097 2795 1237 2848 parumque
1256 2780 1386 2833 concinne.
1405 2808 1439 2816 -
1456 2777 1532 2833 Dind
1551 2777 1597 2848 μὲν
1616 2795 1639 2831 ν.
1661 2778 1731 2831 1012
1750 2796 1767 2831 a

664 2862 788 2931 Burgesio
807 2865 913 2917 eiectum
932 2865 1057 2933 probavit,
1075 2864 1193 2919 voculam
1207 2870 1296 2918 tamen
1313 2866 1339 2918 in
1357 2869 1456 2918 textum
1473 2866 1578 2935 recepit.
1603 2864 1676 2917 Idem
1695 2864 1764 2926 ἔξεο-

664 2946 782 3020 λαβεῖοθε
799 2956 903 3027 propter
915 2956 1022 3026 metrum
1040 2953 1154 3021 optabat,
1172 2956 1202 3005 ut
1219 2957 1301 3005 totum
1318 2956 1386 3005 esset
1397 2953 1562 3006 trochaicum.
1590 2948 1764 3024 ἀναρίθμητοι

665 3041 710 3089 νῦν
729 3038 761 3090 τὰ
774 3038 892 3107 μέλλοντ’
909 3038 936 3092 εὖ
954 3034 1069 3108 λέγεσθαι
1085 3038 1089 3106 Ι
1105 3039 1142 3109 μὴ
1160 3040 1224 3112 adop
1242 3038 1347 3111 φαΰλοις
1364 3039 1462 3113 χαμᾶζ’
1481 3034 1662 3109 ίξεολαβεῖοθε.
1690 3039 1763 3091 Haeo

662 3140 762 3193 quoque
781 3128 880 3178 tantum
898 3126 926 3177 in
944 3126 1018 3179 notis.
1053 3124 1150 3177 Eadem
1168 3125 1259 3194 Bergk.
1278 3127 1303 3177 iu
1322 3126 1361 3179 ed.
1379 3126 1403 3177 Η
1419 3125 1546 3193 probarit.

628 3229 651 3265 v.
667 3212 740 3265 1015.
775 3213 908 3285 προσέχετε
932 3212 963 3265 R.
982 3212 1013 3264 V.
1038 3211 1122 3280 vulgo.
1153 3212 1276 3285 πρόοχετε
1293 3208 1324 3265 Β.
1342 3208 1370 3265 Δ.
1389 3211 1496 3265 Bentlei.
1515 3212 1587 3264 Pars.
1603 3209 1668 3265 Hoc.
1688 3230 1715 3282 p.
1733 3212 1762 3267 L.

663 3298 755 3366 Bergk.
774 3298 829 3351 Rel.
848 3297 875 3351 O.
895 3315 919 3367 p.
938 3297 997 3362 339,
1016 3300 1170 3367 comparatis
1187 3314 1219 3351 ex
1238 3298 1409 3366 Aristophane
1427 3297 1551 3365 exemplis
1573 3297 1765 3365 ,compluribus

661 3386 705 3452 qui
722 3388 807 3436 tamen
826 3401 852 3437 rn
870 3384 942 3438 editt.
961 3386 1107 3459 τροοέχετε;
1127 3385 1201 3438 Dind.
1220 3385 1346 3453 Hirschig.
1365 3384 1439 3439 Both.
1462 3376 1464 3381 ¹

641 3467 644 3472 ’
697 3471 732 3522 lb.
767 3474 812 3521 νῦν
831 3468 908 3523 κλῦτε
926 3486 972 3538 pro
990 3475 1034 3523 νῦν
1053 3470 1113 3523 αὖτε
1131 3471 1217 3525 Reisk.
1368 3469 1370 3474 ’

643 3710 667 3747 ιι.
687 3692 761 3747 1012.
799 3693 835 3763 μὴ
853 3694 930 3767 stop:
955 3694 1034 3749 schol.
1052 3694 1148 3767 φυλάτ·
1198 3695 1249 3748 vid.
1275 3695 1350 3749 blein.
1379 3694 1406 3749 C.
1433 3695 1457 3748 ll
1482 3711 1508 3763 p.
1532 3693 1610 3764 3sq.;
1635 3694 1707 3749 idem
1735 3698 1763 3749 in

591 3775 673 3843 τεοθε,
691 3779 760 3852 φησί,
779 3779 815 3849 μὴ
830 3778 1031 3853 ἐκφαυλιοθῆναι
1048 3781 1148 3854 τἠνδι·
1198 3782 1245 3835 Αν.
1268 3781 1330 3845 448;
1359 3782 1381 3833 οἱ
1406 3783 1499 3841 πάντες
1513 3781 1576 3857 ’λεῴ
1606 3780 1652 3834 ΑΥ.
1671 3784 1763 3837 λθῖῖι.

592 3865 730 3919 δαοκαλίαν
757 3869 802 3917 τοῦ
826 3866 956 3940 δράματος
979 3868 1079 3920 τοὺτου.
1105 3868 1149 3921 καί
1201 3868 1273 3922 1276.
1301 3868 1366 3921 abac.
1389 3868 1439 3939 λεῴ
1466 3868 1526 3921 Ροο,
1545 3868 1605 3921 298.
1623 3896 1657 3904 -
1676 3867 1763 3921 atabu-

590 3952 638 4026 πρὸ
668 3951 724 4010 ἑνὸς
753 3952 800 4025 γὰρ
830 3953 944 4006 ἐνιαυτοῦ
971 3955 1020 4026 Ι,τοίς
1046 3954 1149 4027 πρώτας
1198 3953 1241 4024 ρὸν
1256 3972 1288 3997 =
1301 3953 1512 4027 παρρησιαστικὸν
1535 3954 1676 4027 (είλιιιρινδς
1700 3958 1762 4028 aab·

591 4035 709 4112 Νεφέλας
735 4037 835 4099 διδάξας
858 4037 990 4113 ἀπεκρίθη.
1009 4070 1042 4078 -
1060 4040 1094 4093 id.
1112 4040 1149 4112 μὴ
1199 4042 1269 4103 τιον),
1294 4044 1322 4091 ut
1352 4046 1466 4095 oratores
1487 4042 1615 4107 sexcentis
1636 4041 1703 4094 locis
1726 4044 1761 4114 τη

589 4127 698 4185 είιτελῶς
719 4122 809 4198 ὀφθείη
828 4125 973 4198 ἢματαίως
987 4123 1061 4198 ῥηθῇ.
1087 4125 1148 4198 ὑπὲρ
1197 4126 1322 4199 παρρησίᾳ
1340 4128 1438 4180 νεοίατο
1456 4133 1554 4196 petunt.

588 4218 635 4267 τοῦ
652 4215 758 4285 ποιητοῦ
777 4211 804 4265 δὲ
822 4211 835 4264 ὁ
853 4214 930 4287 χορός
948 4232 1017 4287 φησι.
1247 4228 1272 4266 r.
1291 4212 1366 4265 1017.
1401 4211 1548 4267 ἀδικεῖσθαι.
1583 4214 1624 4267 sd
1641 4214 1761 4270 Nubium

639 4318 664 4354 ι.
683 4299 758 4354 1015.
793 4304 838 4353 νῦν
858 4300 929 4353 οὗτοι
947 4301 964 4352 i.
983 4316 1004 4353 e.
1023 4315 1073 4352 non
1091 4303 1147 4351 tarr·
1197 4297 1361 4352 didascaliam
1383 4300 1446 4352 haec
1465 4300 1593 4367 pertinere
1614 4318 1692 4355 nemo
1715 4320 1761 4356 ne-

588 4391 642 4440 tum
663 4371 722 4454 post
743 4385 856 4438 Nubium
879 4386 1043 4438 didascaliam
1065 4385 1146 4437 infeli-
1196 4385 1273 4451 gavit.
1300 4384 1338 4435 De
1356 4402 1406 4453 qua
1430 4401 1507 4451 quum
1529 4386 1670 4441 innumeris
1693 4389 1760 4443 locis

588 4488 650 4535 eem,
669 4472 714 4532 sed
726 4476 785 4540 post
798 4476 904 4536 ceteras
924 4488 988 4539 oriae
1001 4487 1146 4539 praeeesse·
1195 4471 1363 4537 disceptatum
1385 4473 1441 4535 sit‚.
1455 4488 1522 4529 nunc
1538 4473 1633 4526 sufficit
1649 4474 1760 4529 laudare

588 4562 654 4621 runt,
672 4560 817 4625 parabases.
834 4587 867 4593 —
885 4558 945 4629 λεῴ.
969 4559 998 4609 ln
1016 4558 1074 4610 Pac.
1093 4557 1142 4609 bol
1194 4556 1286 4623 Bergk.
1305 4573 1345 4624 ap.
1364 4557 1439 4609 blein.
1462 4557 1489 4611 tl.
1508 4559 1532 4611 11
1555 4576 1581 4627 p.
1599 4560 1759 4618 tlt-923,

588 4641 690 4693 ἀκούετε
711 4643 770 4714 λεῴ,
788 4644 934 4697 Susariouis
950 4644 1031 4707 illius,
1049 4644 1080 4696 de
1093 4659 1143 4709 ηιιο
1193 4642 1314 4701 Frilzsoh.
1328 4643 1426 4695 Daetal.
1445 4660 1470 4711 p.
1486 4646 1515 4698 ll
1527 4660 1566 4713 sq.
1586 4646 1695 4704 -Ηοιιοιι,
1707 4650 1762 4711 Ex.
