4484 5467
654 632 700 692 nu
715 631 888 686 1vo1oruvs
905 629 1361 697 urueuluuswunussvsevu
1379 631 1607 685 woronnuvs
1649 620 1712 705 137

547 793 624 891 περὶ
643 830 669 869 τ.
692 829 774 891 στεφ.
796 828 826 891 Ρ.
849 805 927 869 274:
956 804 1082 877 δειξάτω
1104 803 1135 867 ἐν
1163 809 1209 889 τῷ
1230 803 1299 889 epp
1322 804 1421 885 ὕδατι,
1447 804 1488 867 id.
1511 807 1585 871 κατὰ
1605 806 1713 894 ῗΑφόβ.

549 939 583 1003 Ρ.
606 919 685 982 817:
709 916 765 982 οδκ
786 917 936 1004 ἐνδέγεται
958 916 1033 1002 πρὸς
1054 916 1087 979 τὸ
1111 914 1185 979 αὐτὸ
1209 916 1291 1001 ὕδωρ
1309 917 1411 981 εἰπεῖν.
1448 917 1485 981 of.
1501 919 1583 1004 ,πρδς
1601 918 1712 1007 Ἂφοβ.
1737 947 1740 952 ·

550 1051 585 1115 Ρ.
608 1029 682 1093 847.
711 1030 785 1116 πρδς
812 1028 983 1115 Μακάρτατ.
1012 1049 1041 1113 p.
1068 1027 1160 1091 1052.
1190 1028 1264 1113 πρὸς
1286 1028 1426 1115 Λεωχάρ.
1456 1051 1487 1114 Ρ.
1518 1030 1610 1122 1094.
1639 1033 1713 1112 κατὰ

551 1141 644 1227 Στεφ.
666 1163 696 1227 Ρ.
713 1128 805 1206 1116.
843 1140 927 1217 Quae
941 1139 1078 1225 proxime
1093 1145 1273 1223 sequuntur,
1296 1161 1378 1205 unus
1393 1142 1591 1226 Harpocratio
1605 1141 1712 1215 habet:

551 1258 651 1319 ταῦτα
672 1255 706 1318 δὲ
730 1253 900 1340 σαφέστατα
922 1252 1007 1317 αὐτοὶ
1030 1253 1058 1315 οἱ
1082 1253 1207 1338 ῥήτορες
1228 1255 1447 1339 δεδηλῶκασιν,
1470 1254 1571 1341 ὥσπερ
1593 1256 1643 1319 καὶ
1663 1254 1712 1322 Αἰ·

553 1367 663 1452 σχίνης
684 1367 716 1431 ἐν
738 1373 783 1452 τῷ
803 1365 879 1430 κατὰ
894 1363 1119 1451 Κτησιφῶντος,
1140 1364 1350 1452 Ἀριστοτέλης
1371 1368 1405 1431 δὲ
1428 1367 1459 1431 έν
1477 1373 1519 1449 ιγῖ
1534 1364 1711 1453 Ἀθηναίων

550 1478 692 1564 πολιτείᾳ
715 1479 846 1542 διδάσκει
868 1478 935 1563 περὶ
956 1476 1081 1542 τούτων.
1125 1476 1207 1541 Hine
1228 1482 1374 1561 uterque:
1389 1479 1597 1565 ,ἐπισκεπτέον
1610 1480 1647 1548 ’δὲ
1668 1487 1713 1565 τιγῖ

551 1588 630 1676 παρ’
651 1588 754 1675 Ἰσαίῳ
776 1589 886 1675 (Harp.
910 1588 1053 1653 Beklreri:
1078 1589 1219 1654 σκεπτέον
1243 1590 1276 1653 δὲ
1298 1590 1332 1653 τὸ
1355 1615 1385 1655 π.
1406 1590 1447 1655 Ἰ..
1462 1590 1543 1675 quod
1564 1592 1712 1675 praestat)

550 1701 599 1786 (ἐν
630 1709 676 1787 τῷ
703 1701 770 1766 κατ’
799 1699 992 1787 Ἐλπαγὸρου
1025 1703 1075 1766 καὶ
1102 1702 1315 1788 Δημοφάνυιις,
1330 1700 1403 1767 add.
1432 1702 1543 1787 Harp.)
1571 1702 1605 1772 ὃς
1632 1703 1713 1785 (πῶς

551 1813 652 1899 Harp.
674 1813 724 1897 B.)
754 1813 979 1900 μεμετρημένης
1005 1818 1061 1898 τῆς
1090 1814 1209 1899 ἡμέρας
1237 1812 1286 1878 ὅτε
1310 1814 1363 1898 μὲν
1392 1817 1486 1902 χωρὶς
1506 1814 1622 1887 ,ὕδατόςΙ
1636 1839 1712 1901 φησι·

533 1906 689 2011 Ιγίνεσθαι
711 1925 783 1997 τοὺς
805 1928 942 2010 ἀγῶνας,
971 1924 1019 1989 ὅτε
1042 1926 1075 1991 δὲ
1098 1926 1173 2013 πρὸς
1196 1926 1287 2012 ὕδωρ.
1332 1926 1415 1989 Bene
1436 1925 1588 1992 Kusterus
1610 1926 1712 2000 lotum

549 2037 695 2124 explieat,
718 2044 891 2122 comparato
904 2037 1109 2102 Demosthene
1130 2039 1197 2124 περὶ
1219 2062 1349 2125 παραπρ.
1372 2058 1402 2122 Ρ.
1418 2038 1496 2102 378ι
1519 2038 1552 2109 ὃς
1574 2039 1711 2122 (Aeschi-

549 2149 625 2235 nes)
646 2151 703 2237 γὰρ
725 2152 846 2234 ἀγῶνοις
860 2150 982 2221 καινοδς
997 2151 1099 2237 ὥσπερ
1123 2152 1270 2237 δράματα,
1292 2151 1341 2215 καὶ
1361 2149 1487 2222 τούτους
1509 2152 1711 2238 ἀμαρτύρους,

546 2263 630 2350 ’πρὸς
651 2262 926 2349 διαμεμετρημένην
953 2264 1008 2349 τὴν
1031 2262 1148 2350 ἡμέραν
1176 2262 1212 2345 (i.
1235 2282 1261 2325 e.
1284 2262 1358 2348 πρὸς
1378 2262 1432 2347 τὴν
1455 2264 1639 2350 κλεψύδραν)
1669 2266 1710 2334 αἱ·

551 2380 616 2463 ρεῖς
638 2377 767 2455 διώκων,
789 2378 884 2459 δῆλον
907 2374 950 2439 ὅτι
966 2378 1122 2445 πάνδεινος
1137 2375 1166 2439 εἴ
1186 2400 1245 2446 nc:
1268 2380 1299 2439 et
1313 2375 1388 2462 πρδς
1403 2368 1541 2461 Νικόστρ.
1563 2397 1594 2460 Ρ.
1612 2376 1710 2441 1252:

542 2488 687 2574 ἡμέραις
706 2487 742 2551 οὐ
765 2492 893 2557 πολλαῖς
915 2487 1038 2574 ὕστερον
1061 2488 1206 2553 εἰσελθὼν
1222 2489 1264 2558 εἰς
1284 2488 1318 2551 τὸ
1335 2489 1524 2574 δικαστήριον
1548 2490 1622 2575 πρὸς
1637 2491 1710 2575 ημέ·

534 2619 607 2687 ’.ραν
637 2601 913 2687 διαμεμετρημένην
937 2600 1096 2677 -εἶλον,
1125 2599 1146 2662 i.
1169 2620 1194 2663 e.
1224 2600 1359 2684 spatium
1386 2599 1532 2685 temporis
1554 2603 1707 2667 aecusaut'

549 2711 631 2777 mihi
660 2732 844 2776 eoncessum.
864 2710 1044 2776 sufficiebat.
1088 2712 1310 2776 Verumtamen
1336 2718 1399 2782 tres
1420 2717 1544 2778 tantum
1564 2710 1710 2799 temperis

540 2830 654 2911 partes
676 2822 733 2887 uni
755 2844 864 2889 causae
886 2844 1044 2891 concessas
1066 2823 1161 2888 fuisse
1183 2844 1245 2887 non
1267 2824 1457 2889 crediderim.
1501 2825 1555 2889 Bis
1576 2826 1711 2911 potuisse

548 2936 601 3004 vel
624 2942 671 3002 ter
693 2956 813 3021 quoque
835 2956 923 3001 reum
944 2935 1046 3021 loqui,
1071 2936 1228 3022 Apologia·
1241 2935 1374 3000 Socratis
1396 2936 1498 3014 doeet3
1521 2936 1711 3023 bis'quoque

539 3053 773 3128 *accusatorem
807 3047 857 3114 vel
878 3069 929 3128 ea,
962 3069 1041 3133 quae
1068 3048 1175 3113 statim
1196 3054 1368 3132 sequuntur
1389 3048 1423 3111 in
1445 3048 1553 3113 eadem
1574 3050 1710 3118 oratione

548 3185 581 3249 Ρ.
606 3161 707 3226 1252:
729 3163 780 3228 καὶ
801 3161 832 3227 ἐν
854 3163 974 3247 πρήσει
998 3160 1195 3250 βουλομένων
1217 3164 1277 3226 τῶν
1301 3163 1449 3226 δικαστῶν
1468 3161 1601 3227 θανάτου
1623 3168 1708 3247 τιμῆ-

550 3300 600 3342 σαι
624 3273 725 3361 αὐτῷ,
754 3274 885 3360 ἐδεήθην
915 3273 977 3359 ἐγὼ
1003 3276 1063 3339 τῶν
1093 3276 1241 3339 δικαστῶν
1272 3274 1365 3360 μηδὲν
1395 3270 1708 3359 δι’,έμοῶτοιοῶτον

548 3390 660 3476 πρᾶξαι
682 3392 744 3453 κτλ
788 3385 868 3450 Cum
889 3385 1002 3450 scholio
1025 3390 1129 3450 eutem
1150 3386 1228 3450 Aah.
1257 3386 1320 3451 694
1341 3384 1508 3450 eonoinunt
1529 3385 1708 3453 Demosthe-

547 3499 600 3565 nis
621 3499 716 3564 verba
742 3490 937 3564 exoratione
965 3500 1041 3564 κατὰ
1063 3498 1188 3586 Στεφάν,
1210 3497 1320 3583 priori,
1348 3498 1423 3566 item
1446 3519 1465 3562 a
1485 3497 1619 3590 Kustero
1640 3499 1708 3593 lou·

548 3612 632 3695 date,
656 3633 686 3696 p.
712 3612 812 3676 1127:
832 3612 931 3694 πολλὰ
954 3609 982 3677 δ’
1009 3610 1092 3699 ἔχων
1115 3612 1207 3677 εέτεῖν
1230 3613 1297 3698 περὶ
1320 3612 1361 3676 ῶν
1385 3611 1544 3700 ὕβρισμαι,
1567 3611 1627 3700 οὐχ
1649 3615 1708 3686 ἱκα-

536 3725 611 3790 νδν4
626 3722 660 3788 δν
681 3723 715 3788 τὸ
738 3723 821 3811 ὕδωρ
845 3725 908 3811 ὁρῶ
933 3748 994 3810 μοι.
1021 3723 1121 3786 .Hine
1149 3744 1269 3807 quoque
1296 3722 1375 3789 mihi
1397 3722 1523 3792 videtur.
1540 3725 1644 3818 sequi,
1673 3733 1709 3791 ut

546 3835 710 3921 clepsydra
729 3856 826 3900 unam
846 3841 971 3901 tantum
992 3835 1180 3901 continuerit
1200 3856 1298 3919 aquae
1320 3855 1509 3923 mensuram,
1530 3859 1592 3923 qua
1612 3839 1708 3907 effusa

545 3954 580 4013 et
601 3953 703 4013 orator
722 3948 885 4033 perorandi
911 3949 1005 4012 finem
1033 3949 1131 4012 faeere
1152 3952 1310 4030 cogeretur
1337 3954 1369 4012 et
1390 3968 1470 4014 nova
1494 3949 1708 4022 infunderetur

533 4080 639 4145 aqua.
683 4058 789 4146 Neque
821 4067 997 4147 repugnant
1017 4060 1232 4126 Demosthenis
1254 4062 1328 4126 κατὰ
1349 4060 1436 4127 Μειδ.
1459 4062 1553 4127 verba
1573 4085 1605 4149 p.
1628 4065 1707 4135 557:
1742 4082 1745 4087 ’

529 4174 572 4237 ἐἰ
600 4172 635 4236 τδ
664 4172 737 4260 παρ’
772 4174 953 4262 ἀμφοτέρων
976 4176 1067 4261 ἡμῶν
1097 4173 1179 4259 ὕδωρ
1205 4174 1344 4260 ὑπάρξειε
1372 4174 1493 4240 -οὐκ
1521 4174 1556 4240 ἂν
1585 4176 1707 4262 έπαμκέ·

544 4309 639 4352 σειενε
662 4284 834 4351 luculenter
849 4292 957 4352 eontra
972 4285 1183 4353 demonstrant
1198 4288 1291 4353 verba
1312 4288 1386 4375 πρὸς
1401 4273 1548 4376 Μακάρτ.
1559 4311 1590 4374 Ρ.
1608 4288 1706 4352 1052:

541 4400 577 4474 ἐξ
602 4398 734 4485 ἀνάγκης
756 4398 794 4485 ἤν
821 4406 866 4487 τῷ
888 4400 1010 4488 ἄρχοντι
1040 4401 1181 4490 ἀμφορέα
1202 4404 1320 4488 ἑκάστῳ
1343 4400 1446 4489 ἐγχέαι
1467 4404 1527 4466 τῶν
1541 4437 1544 4442 -
1558 4402 1707 4489 άμφισβ-
1798 4483 1803 4493 Ι

542 4511 697 4591 τυόντων,
719 4515 768 4578 καλ
789 4517 868 4599 τρεῖς
889 4512 966 4600 χόας
987 4520 1032 4599 τῷ
1054 4514 1169 4602 ὑστέρῳ
1192 4513 1284 4601 λόγιρ.
1329 4512 1410 4577 Ηυίο
1432 4513 1515 4577 enim
1528 4519 1636 4597 'aquae
1657 4514 1707 4580 in-

543 4623 724 4691 fundendae
753 4626 851 4689 offieio
872 4632 1025 4711 praeerat,
1058 4627 1111 4711 qui
1143 4627 1232 4715 δῶρ’
1258 4630 1340 4715 ὕδωρ
1368 4628 1534 4691 dicebatur.
1579 4628 1707 4716 Deque
