4484 5467
539 634 578 695 52
919 631 1108 687 Puouuoou.
1143 585 1256 685 CAPV'i'
1274 632 1309 685 III

537 802 715 867 Inauditum
737 804 848 883 refer03
870 822 930 867 non
953 802 1031 867 illud
1058 805 1182 889 quidem
1205 802 1395 884 inauditum,
1429 826 1542 891 pueros
1565 828 1602 872 ex
1624 808 1685 873 cbo

537 915 633 979 reutis
656 921 757 1000 captos
780 937 862 997 csse,
885 915 938 979 sed
960 915 1016 979 hoo
1038 918 1156 1000 potius,
1179 917 1305 981 chorum
1327 918 1500 1002 Vesparum
1524 918 1689 1003 legitimum

538 1048 701 1091 numerum
723 1047 785 1091 non
807 1049 951 1092 servasse.
996 1028 1082 1104 Quod
1104 1030 1170 1093 heri
1186 1050 1324 1112 unquam
1346 1029 1482 1113 potuisse
1497 1030 1617 1096 nedum
1636 1033 1690 1096 fac·
1736 1017 1737 1074 ἶ

537 1145 604 1203 tum
626 1160 659 1203 re
681 1160 753 1204 vera
775 1160 840 1203 esse
862 1160 959 1223 quum
981 1162 1019 1203 ne
1042 1140 1240 1205 Hermannus
1269 1140 1394 1226 quidem
1414 1142 1568 1228 exemplis
1591 1144 1690 1230 proba·

536 1252 625 1334 uerit,
649 1252 728 1315 nihil
751 1251 893 1336 equidem
915 1252 999 1316 aliud
1022 1273 1172 1337 opponere
1193 1273 1318 1337 possum
1340 1274 1434 1337 quam
1456 1254 1526 1338 hoe,
1550 1256 1691 1342 exemplis
1736 1243 1737 1251 ἵ

537 1384 592 1426 nos
620 1384 743 1448 prorsus
765 1384 874 1427 carere.
918 1363 1034 1428 Chorus
1057 1363 1150 1447 enim,
1173 1371 1324 1449 quantum
1347 1365 1418 1448 scio,
1441 1386 1542 1450 quum
1563 1368 1691 1451 tragicus
1735 1355 1737 1459 1

536 1481 605 1540 tum
627 1476 759 1540 comicus
782 1495 877 1540 unam
899 1475 1088 1541 solummodo
1109 1477 1226 1561 patitur
1245 1477 1437 1559 diuisionem,
1460 1477 1551 1543 illam
1573 1480 1692 1557 seilicet

538 1609 616 1671 quae
645 1593 692 1651 est
718 1588 752 1651 in
774 1587 975 1672 hemichoria‚
1004 1590 1048 1654 ita
1069 1595 1188 1668 tamem
1218 1595 1253 1653 ut
1281 1589 1355 1654 haec
1383 1590 1431 1655 vel
1460 1592 1630 1657 coniuncta
1650 1591 1692 1656 rel

538 1700 676 1784 opposita
697 1720 760 1763 una
774 1707 933 1765 versentur
955 1701 989 1764 in
1010 1723 1109 1780 socna,
1133 1702 1166 1765 in
1182 1702 1344 1783 orchestra,
1367 1709 1462 1787 utque
1480 1703 1605 1768 iustum
1620 1723 1693 1768 sem·

537 1833 592 1896 per
614 1811 749 1875 efficiant
771 1833 935 1877 numerum
957 1820 1011 1877 aut
1038 1812 1214 1902 quindecim
1241 1820 1296 1878 aut
1317 1814 1428 1897 viginti
1457 1821 1608 1900 quattuor
1630 1816 1693 1879 cho

538 1930 704 1988 routarum.
741 1923 933 1988 Cuiusmodi
957 1925 1067 1990 divisio
1089 1926 1178 2008 longe
1200 1926 1320 1991 diuersa
1342 1932 1389 1991 cst
1409 1927 1448 1992 ab
1470 1926 1533 1991 ista
1556 1927 1694 1992 deminu-

537 2037 619 2100 tione
631 2036 820 2121 Hermann-i,¹
836 2057 914 2120 quae
929 2038 1016 2122 quasi
1039 2038 1192 2128 quasdam
1211 2038 1319 2123 capitis
1334 2044 1388 2130 est⁵
1395 2038 1579 2121 deminutio,
1603 2060 1694 2124 quum

537 2149 619 2212 chori
642 2149 850 2232 integritatem
873 2157 969 2214 morte
993 2149 1113 2213 afficiat.
1159 2150 1274 2214 Chorus
1297 2157 1415 2233 autem,
1444 2149 1520 2214 dum
1543 2151 1695 2216 comoedia

537 2262 641 2325 floruit
663 2262 805 2346 antiqua,
833 2284 915 2327 unus
945 2263 1002 2325 suit
1025 2271 1115 2345 atquo
1139 2263 1271 2343 integer,
1299 2262 1393 2327 unius
1418 2262 1518 2327 instar
1540 2284 1695 2348 personae,

538 2395 633 2456 quam
646 2365 845 2458 'supprimere
860 2364 969 2439 'to'tam
991 2380 1082 2457 atque
1103 2373 1239 2437 occidere
1259 2366 1359 2458 nmue
1386 2368 1695 2439 anensdetroncare

537 2491 683 2568 exparte
696 2479 802 2550 -licuit
847 2485 928 2561 Quid
946 2485 1140 2570 >sequioribus
1167 2486 1356 2571 temporibus
1384 2487 1441 2552 bac
1466 2487 1502 2550 in
1516 2482 1695 2552 reiectum

538 2597 594 2678 sit,
616 2597 806 2679 ignoramus3
836 2604 941 2662 utrum
963 2595 1138 2661 fabularum
1160 2589 1294 2662 doctores
1321 2599 1404 2663 chori
1425 2596 1641 2681 integritatem
1663 2618 1694 2662 ac

541 2707 733 2793 splendorem
755 2710 945 2774 servaverint
967 2731 1006 2773 an
1037 2709 1155 2773 minore
1183 2710 1397 2775 choreutarum
1419 2730 1553 2775 numero·
1575 2717 1612 2774 et
1633 2709 1696 2796 ipsi

540 2821 676 2884 contenti
709 2822 825 2885 suerint
852 2829 883 2885 et
910 2828 1093 2908 spectatores
1125 2828 1282 2887 contentos
1316 2819 1463 2887 iusserint
1494 2820 1580 2905 asse-3
1610 2839 1696 2887 nemo

541 2940 681 2997 veterum
702 2934 844 3018 prodidit.
888 2934 1023 3000 Multum
1044 2940 1201 3019 praeterea
1220 2933 1304 2999 inter
1323 2931 1696 3029 tragoediasioomoodias·

516 3066 518 3071 ·
543 3066 602 3131 que
623 3046 760 3128 interest,
783 3067 879 3131 quum
900 3047 938 3111 de
959 3054 1094 3132 tempore
1116 3059 1282 3111 numerere
1302 3046 1696 3132 commissionumquaeri*

528 3164 603 3248 tur.
615 3177 625 3230 '.
641 3158 887 3224 Triumvirorum
901 3160 985 3224 onim
999 3148 1183 3243 tragicorum
1198 3159 1329 3223 fabulas
1339 3173 1559 3244 saepenumero
1574 3158 1696 3225 matus·

544 3291 602 3355 que
623 3271 697 3336 locis
718 3250 863 3355 repetitas
885 3293 959 3350 esse,
980 3271 1159 3336 certissimis
1181 3277 1299 3335 constat
1319 3278 1352 3336 et
1367 3271 1537 3335 notissimis
1555 3269 1697 3337 testimo

541 3383 617 3462 niis3
650 3384 820 3448 comoediae
854 3398 927 3449 vero
957 3384 1103 3469 antiquae
1126 3379 1229 3467 poetis
1260 3381 1341 3446 idem
1375 3382 1564 3465 contigisse,
1587 3390 1697 3448 testem

540 3495 656 3579 reperio
677 3496 809 3560 nullum.
853 3498 898 3561 Ac
919 3496 986 3560 iure
1007 3495 1040 3559 id
1055 3494 1196 3580 quidem:
1218 3490 1373 3559 comoedia
1394 3495 1478 3559 enim
1491 3495 1697 3581 antiqua‘non

539 3613 662 3669 tantum
690 3629 761 3672 oum
783 3608 872 3673 choro
894 3628 1056 3693 suppressa
1083 3607 1161 3672 obiit
1186 3628 1263 3689 una,
1292 3607 1345 3671 sed
1373 3626 1456 3671 cum⁴
1472 3606 1548 3691 ipsis
1577 3628 1697 3693 quoque

539 3719 645 3802 poetis.
698 3721 773 3795 Quis
801 3720 931 3785 Isiciarii
959 3720 992 3783 in
1021 3718 1249 3804 Paphlagonem
1278 3718 1430 3804 convicia,
1451 3718 1543 3802 quis,
1574 3739 1696 3804 quaese

539 3851 663 3895 causam
685 3832 719 3895 in
734 3832 843 3917 Vespis
859 3832 1001 3897 caninam
1016 3831 1111 3895 etiam
1132 3853 1225 3916 parvo
1240 3831 1386 3916 temporis
1407 3828 1506 3916 spatio
1519 3829 1697 3896 intermisso

540 3942 588 4006 vel
610 3943 781 4026 intelligere
803 3945 850 4008 vel
873 3946 999 4030 probare
1021 3943 1156 4029 potuerit
1171 3942 1390 4009 Atheniensis?
1412 3941 1483 4028 quis
1503 3941 1602 4026 igitur
1617 3943 1697 4008 'l'ba-

542 4056 701 4138 banorum,
724 4056 892 4123 aliorumve
913 4063 1017 4121 mente
1038 4057 1143 4120 minus
1164 4053 1344 4141 captorum?
1382 4054 1545 4121 Comoedia
1558 4055 1697 4139 antiqua

537 4168 619 4232 vitae
642 4168 840 4253 quotidianae
869 4189 1050 4254 morumque
1079 4169 1342 4254 quotidianorum,
1370 4168 1397 4232 si
1425 4167 1470 4232 ita
1496 4166 1600 4231 dicere
1627 4168 1698 4232 licet

542 4288 680 4345 nostrum
704 4281 843 4363 „Mode“,
869 4282 1044 4366 progenies,¹
1071 4281 1156 4346 brevi
1179 4280 1253 4345 dum
1274 4278 1364 4345 hodie
1392 4278 1504 4362 gaudet
1524 4279 1624 4362 gloria
1644 4300 1696 4364 po-

540 4392 666 4477 pulique
688 4385 800 4476 favore,
828 4414 894 4457 cras
916 4394 1004 4458 novis
1025 4393 1185 4476 indigebat
1205 4392 1367 4474 illecebris,
1395 4391 1553 4475 nouisque,
1575 4392 1696 4478 utipse

538 4503 582 4566 ait
604 4506 759 4585 Comicus,
783 4506 888 4570 formis
911 4505 1060 4570 delectare
1082 4509 1264 4589 spectatores
1287 4505 1321 4568 in
1343 4504 1408 4568 dies
1430 4501 1605 4569 iubebatur.
1649 4505 1695 4569 No

536 4614 601 4699 ipse
624 4619 747 4700 quidem
776 4639 916 4684 summus
937 4617 1080 4682 Comicus
1102 4615 1244 4681 Nubibus
1265 4617 1437 4682 retractatis
1469 4620 1578 4688 auram
1598 4638 1696 4704 popu„-
