4484 5467
1018 573 1213 633 ΣΦΗΚΕΣ

1015 736 1222 804 ΦΙΛΟΚΛΕΩΝ.

575 829 579 841 ’
633 912 636 918 ,
693 848 860 933 διατραγεῖν
882 846 981 911 τοίνυν
1003 842 1158 931 κράτιστόν
1181 843 1245 908 ἐστί
1268 868 1320 930 μοι
1341 846 1375 909 τδ
1398 847 1528 912 δίκτυον.

693 959 713 1041 ἡ
738 956 771 1023 δέ
795 981 846 1042 μοι
868 956 1011 1022 Δίκτυννα
1035 958 1214 1041 συγγνώμην
1238 953 1307 1042 ἔχοι
1329 960 1383 1020 τοῦ
1407 958 1540 1023 δικτύου.

1057 1080 1178 1140 ΧΟΡΟΣ.

638 1182 788 1247 »ταῦτα
813 1181 867 1267 μὲν
890 1183 966 1268 πρδς
988 1179 1096 1267 ἀνδρός
1117 1179 1181 1244 ἐστ’
1207 1179 1330 1262 ἄνοντος
1352 1183 1383 1253 ἐς
1407 1183 1569 1269 σωτηρίαν.

539 1307 591 1363 370
779 1291 850 1358 ἀλλ’
877 1290 972 1375 ἔπαγε
992 1293 1047 1377 τὴν
1069 1291 1191 1375 γνοίθον.

1013 1415 1222 1475 ΦΙΛΟΚΛΕΩΝ.

694 1516 904 1603 διατέτρωκται
925 1514 1015 1580 τοῦτό
1038 1515 1081 1599 γ’·
1104 1515 1183 1580 ἀλλὰ
1207 1517 1248 1601 μὴ
1271 1517 1358 1604 βοᾶτε
1383 1519 1549 1603 μηδαμῶς·

695 1628 774 1693 ἀλλὰ
795 1626 970 1713 τηρώμεσθ’
996 1626 1080 1697 ὅπως
1104 1628 1145 1712 μὴ
1168 1626 1366 1692 Βδελυκλέων
1389 1628 1574 1714 αἰσθήσεται.

1053 1751 1178 1811 ΧΟΡΟΣ.

697 1853 790 1938 μηδὲν
826 1851 851 1914 ὦ
885 1855 937 1915 τοῖν
971 1850 1081 1930 δέδιθι,
1118 1851 1225 1937 μηδέν·
1260 1854 1301 1922 ώς
1335 1852 1396 1935 ἐγώ
1429 1852 1536 1917 τοῦτόν
1570 1854 1616 1939 γ’,
1650 1856 1697 1919 ἐὰν

1362 1964 1430 2050 γρώ·
1540 1967 1602 2030 ἀντ.
1628 1966 1656 2055 β’

724 2134 727 2139 .
833 2078 870 2161 Εη
893 2100 930 2155 τι,
952 2076 1070 2159 ποιήσω
1095 2076 1196 2140 δακεῖν
1218 2077 1270 2160 τὴν
1293 2076 1417 2162 καρδίαν
1438 2078 1488 2140 καὶ

695 2190 746 2256 τδν
769 2190 836 2275 περὶ
858 2192 961 2275 ψυχῆς
984 2185 1098 2273 δρόμον
1121 2189 1256 2273 δραμεῖν,
1278 2186 1317 2251 ἵν’
1342 2188 1412 2271 etto
1435 2190 1476 2273 μὴ
1502 2194 1607 2253 πατεῖν
1631 2190 1668 2254 τὰ

481 2493 484 2498 ·
574 2492 598 2528 ν.
611 2475 670 2529 369.
706 2474 811 2532 ἄνοντος
828 2471 913 2541 vulgo.
936 2471 1023 2525 Reisk.
1041 2469 1154 2539 ἄγοντος,
1171 2470 1189 2551 i.
1206 2485 1228 2521 ο.
1247 2468 1375 2523 tendentis
1393 2469 1434 2523 ad.

573 2595 598 2631 ν,
611 2576 670 2631 370.
707 2578 757 2646 τὴν
773 2594 811 2646 γν.
828 2576 860 2628 R.
879 2575 911 2628 V.
930 2577 955 2627 et
972 2578 1031 2643 post
1047 2574 1147 2626 Invern.
1165 2575 1327 2629 recentiores.
1364 2574 1395 2646 δὴ
1414 2575 1461 2645 τὴν
1481 2574 1528 2644 σὴν
1546 2594 1585 2645 γν.
1602 2577 1689 2645 vulgo.

575 2697 598 2734 r.
611 2680 671 2734 379.
706 2680 812 2748 Burges.
832 2678 912 2732 Class.
930 2678 1014 2731 Iourn.
1032 2676 1139 2743 XXXI,
1158 2675 1191 2731 35
1209 2678 1377 2747 excogitavit:
1394 2679 1442 2749 τὴν
1460 2677 1580 2751 καρδίαν·
1599 2680 1643 2732 καὶ
1661 2680 1705 2733 τὸν

610 2764 703 2839 δρόμον
726 2766 812 2840 ψυχῆς
835 2764 890 2839 πέρι
916 2762 920 2831 Ι
947 2763 1064 2836 δραμεῖν,
1091 2762 1127 2815 ἵν’
1147 2762 1199 2838 εἰδῇ
1218 2764 1255 2833 μὴ
1282 2769 1370 2817 πατεῖν
1388 2764 1416 2816 τ’
1434 2759 1597 2837 Ἀθηναίων,
1621 2765 1707 2820 deleto

610 2851 769 2927 ψηφίσματα,
795 2852 892 2906 scilieet
918 2854 947 2904 ut
970 2850 1098 2904 trimetros
1122 2849 1242 2905 effioeret.
1284 2850 1368 2903 Etiam
1391 2850 1510 2906 Hotibius
1532 2850 1613 2905 deleri
1635 2852 1708 2907 iubet

609 2940 769 3015 ψηφίσματα.
999 2958 1003 2965 ·

592 3203 616 3238 ν.
634 3183 694 3238 367.
741 3183 891 3262 διατραγεῖν.
931 3186 1027 3240 Verum
1045 3200 1096 3237 non
1146 3187 1173 3238 et
1190 3184 1336 3238 Dobreenm
1358 3186 1385 3239 in
1402 3184 1541 3241 Addendis.
1560 3217 1595 3227 —
1612 3188 1640 3250 ἐς
1658 3209 1709 3244 σω·

455 3319 458 3324 ,
540 3272 651 3325 habebat
669 3271 772 3340 dentes,
796 3278 825 3326 ut
848 3289 926 3326 senex
944 3272 1096 3340 decrepitus,
1146 3270 1352 3345 τηρίανεώστε
1370 3269 1502 3335 σώζεσθαι.

540 3376 564 3410 ν.
584 3359 648 3423 164,
675 3360 748 3412 ornus
774 3376 841 3413 nuno
867 3360 999 3423 immemor
1021 3361 1097 3428 poeta
1197 3375 1222 3410 ν.
1240 3356 1299 3411 373.
1325 3356 1415 3433 γρδξηε
1433 3360 1559 3429 frequenti
1577 3363 1712 3432 epudNo·

540 3444 719 3499 videturesse.
1135 3447 1228 3497 strum
1245 3459 1302 3510 usu,
1319 3444 1368 3498 hoo
1385 3446 1539 3519 Ιοοοεγρῡ
1557 3446 1638 3517 λέγειν
1658 3450 1710 3513 (nel

590 3539 615 3583 r.
633 3530 691 3584 368.
722 3527 860 3585 Δίκτυνναι
891 3531 970 3585 schol.
988 3531 1056 3604 παρὰ
1067 3529 1097 3583 τὸ
1147 3530 1193 3602 γρῖι
1221 3546 1246 3583 ν.
1275 3530 1307 3582 Η.
1337 3530 1425 3600 Steph.
1456 3547 1477 3585 s.
1503 3534 1546 3596 n),
1577 3535 1709 3589 nostrum:

541 3615 622 3685 ὄνομα
639 3616 774 3686 γελοιάζει·
798 3618 866 3690 παρὰ
883 3618 930 3691 γὰρ
947 3616 977 3669 τὸ
995 3616 1095 3670 δίκτυον
1133 3616 1275 3682 7ιιιιιολοοο.
1307 3617 1340 3670 of.
1366 3617 1478 3671 Indioem
1505 3634 1546 3686 ap.
1573 3618 1652 3688 Mein.
1681 3620 1709 3673 (λ

540 3700 649 3773 ἐπήγαγε
670 3702 699 3756 τὸ
718 3699 857 3756 Δίκτυνναν
877 3700 998 3777 Ἄρτεμιν
1022 3702 1095 3756 ἵλαον
1131 3698 1171 3756 ’θ
1187 3717 1208 3763 ο,
1226 3719 1251 3755 ν.
1450 3774 1453 3779 ι

540 3782 647 3841 ἔσεσθαι.
674 3789 706 3842 of.
724 3790 789 3842 Ren.
810 3790 876 3843 1359
895 3806 952 3843 cum
970 3790 1048 3843 schol.
1196 3805 1220 3842 ν.
1232 3787 1290 3843 375.
1310 3787 1394 3842 δακεῖν
1406 3788 1453 3861 τὴν
1464 3788 1568 3864 καρδίαν
1578 3794 1607 3844 ut
1616 3788 1709 3846 ἐσθίειν

590 3891 615 3926 ν.
634 3874 692 3946 369.
727 3876 789 3950 πρὸς
802 3876 905 3949 ἀνδρὸςι
925 3877 957 3930 cf.
967 3876 1031 3928 Rau.
1045 3875 1096 3929 534
1145 3872 1189 3927 τὸν
1200 3870 1284 3944 θυμὸν
1294 3891 1372 3945 supra
1388 3892 1411 3929 ν.
1422 3875 1472 3929 387
1489 3879 1515 3929 et
1522 3875 1637 3931 Acheru.
1650 3879 1673 3931 l.

540 3960 655 4029 (Bergk).
678 3989 712 3999 -
736 3962 851 4022 ἅνοντοςι
876 3964 954 4016 schol.
973 3962 1028 4015 ἀντὶ
1050 3966 1095 4014 τοῦ
1197 3978 1221 4015 ν.
1250 3961 1309 4015 376.
1362 3961 1473 4034 δρόμονι
1516 3963 1596 4017 schol.
1626 3962 1708 4036 ἤγουν

540 4044 675 4111 ἀνύοντος,Ι
703 4064 786 4118 comp.
815 4050 888 4102 Hom.
916 4049 945 4102 Il.
974 4036 1019 4114 10,
1046 4047 1094 4102 351
1146 4046 1263 4119 ἐκφυγεῖν
1288 4047 1403 4101 σώσοντα
1429 4048 1477 4118 τὴν
1504 4049 1599 4122 ψυχήν.
1645 4051 1708 4104 Ber·

541 4132 638 4195 οῖνιται,
662 4128 694 4188 cf.
719 4134 765 4187 0d.
784 4134 809 4200 3,
833 4136 892 4188 496.
911 4140 937 4189 et
953 4136 1096 4203 κατάνομαι
1145 4134 1231 4201 glenus
1248 4150 1330 4203 comp.
1351 4135 1410 4188 Eur.
1430 4135 1512 4188 Orest.
1530 4134 1593 4190 875:
1616 4135 1707 4207 ἀγῶνα

540 4218 587 4272 od.
606 4218 630 4284 2,
648 4218 689 4274 58.
710 4221 750 4287 17,
769 4220 827 4275 537.
856 4222 935 4273 Beki.
955 4220 1050 4275 Aneod.
1069 4237 1094 4289 p.
1146 4216 1286 4290 θανάσιμον
1305 4220 1488 4294 δραμοθμενον.

539 4305 599 4370 406,
617 4306 647 4359 9:
672 4306 747 4373 ἅνοις,
771 4308 826 4361 ἀντὶ
848 4313 894 4361 τοῦ
913 4307 1003 4367 ἀνώοις.
1030 4304 1097 4380 opo·
1196 4325 1221 4360 u.
1240 4307 1298 4361 377.
1333 4314 1432 4361 πατιῖνι
1459 4308 1537 4362 schol.
1563 4308 1608 4361 καὶ
1629 4313 1707 4362 τοῦτο

539 4408 617 4464 νιχος.
641 4394 725 4455 (Mein.
745 4394 815 4448 Gom.
832 4396 845 4448 Ι
861 4412 887 4464 p.
901 4393 968 4459 159).
1004 4392 1096 4449 Aesoh.
1147 4393 1183 4453 ώς
1207 4386 1343 4467 φιλόδικος.
1370 4394 1485 4467 ἔγκλημα
1509 4394 1536 4446 δὲ
1557 4394 1590 4467 ἠν
1608 4393 1707 4466 ὑβρίσαι

510 4475 878 4550 ’,Οδοομ1ι.797.άνομένων.
905 4479 1097 4533 Vid.Brunekii
1146 4480 1178 4534 τὰ
1196 4482 1329 4553 μυστήρια.
1363 4480 1458 4534 Eodem
1476 4496 1553 4544 sensu
1571 4481 1706 4536 adhibetur

540 4560 643 4633 longam
670 4568 745 4638 atque
771 4567 884 4623 iocosam
909 4566 1097 4621 annotationem
1146 4567 1193 4639 Eq.
1212 4567 1252 4621 69.
1272 4568 1329 4622 166.
1366 4568 1433 4624 Nub.
1454 4567 1529 4634 1359,
1548 4567 1618 4623 alibi.
