4484 5467
631 623 673 686 34
1019 619 1209 676 PROLEGOM.
1244 619 1358 675 (larva
1374 620 1403 674 ll·

630 799 760 878 utroque
794 794 860 859 eius
893 763 1001 859 latere¹
1021 799 1090 858 tum
1122 801 1191 879 post
1223 795 1363 860 frontem.
1413 792 1485 857 Sed.
1501 792 1665 859 Pollucem
1703 803 1788 881 atque

630 907 892 989 Agamemnonem
913 926 1044 990 sequens
1059 896 1179 986 duces,
1208 906 1285 971 duas
1312 905 1420 992 opinor
1441 906 1475 970 in
1497 907 1642 972 omnibus
1664 909 1730 972 lare
1750 910 1789 974 la·

631 1019 712 1083 bulis
734 1019 861 1084 chorum
883 1019 980 1102 egisse
1002 1023 1113 1104 partas,
1136 1020 1173 1083 τὰ
1193 1020 1302 1107 χορικὰ
1324 1018 1445 1104 propria
1466 1019 1551 1084 dicta
1577 1026 1610 1084 et
1639 1023 1678 1086 τὰ
1701 1046 1788 1109 παρα·

631 1134 746 1218 exquir.
779 1134 815 1196 ln
830 1151 1014 1216 unoquoque
1028 1130 1125 1213 igitur
1140 1130 1283 1216 episodic,
1298 1131 1354 1195 ubi
1368 1132 1449 1197 inter
1463 1133 1591 1201 sasima
1606 1132 1670 1197 dun
1684 1133 1789 1199 chorus

629 1251 683 1308 aut
705 1245 841 1329 loquitur
863 1249 918 1307 aut
939 1249 1045 1307 cantat
1066 1241 1200 1326 aliquid,
1222 1242 1256 1307 id
1277 1246 1484 1330 aapccaq'orca
1506 1244 1580 1309 licet
1601 1265 1788 1331 nuncupare,

629 1355 764 1419 maxime
794 1361 898 1420 autem
926 1354 959 1418 id
986 1354 1157 1440 parascenii
1184 1375 1296 1419 nomen
1325 1361 1476 1435 meretur,
1509 1357 1563 1420 ubi
1598 1357 1714 1422 chorus
1746 1358 1789 1422 hi·

629 1468 755 1531 strionis
779 1472 891 1553 partes,
913 1466 1018 1550 itaque
1041 1486 1137 1551 quum
1152 1467 1226 1532 trini
1242 1468 1366 1547 tuerint,
1389 1468 1491 1554 quarti
1513 1475 1616 1555 partas
1638 1490 1697 1555 per
1718 1476 1809 1538 taur.

629 1601 688 1665 pus
710 1580 814 1665 paullo
841 1578 962 1661 longius
989 1578 1127 1665 suscipit
1170 1578 1265 1663 quue
1290 1580 1405 1644 factum
1431 1586 1478 1644 est
1502 1581 1536 1645 in
1560 1582 1807 1664 Agamemnone·

629 1692 786 1777 Aeschyli.
830 1691 944 1755 Contra
971 1711 1049 1776 quae
1071 1698 1140 1776 post
1160 1712 1284 1756 scenam
1306 1698 1361 1758 aut
1374 1698 1529 1770 canuntur
1543 1699 1599 1757 aut
1612 1694 1789 1772 recitantur,

630 1810 666 1868 ut
687 1803 885 1868 morientium
908 1802 981 1867 illae
1002 1804 1238 1881 lamentationes
1259 1804 1293 1867 in
1315 1805 1464 1888 Aeschyli·
1482 1805 1610 1885 Orestia,
1635 1825 1690 1885 ea,
1720 1828 1789 1890 qua·

629 1922 721 1981 tenus
743 1922 812 2002 post
840 1935 964 2008 scenam
992 1916 1176 1995 audiuntur,
1205 1923 1334 2001 praesunt
1355 1917 1458 1981 vocari
1479 1920 1692 2005 παρασκήνια,
1719 1938 1789 2002 qua·

630 2036 721 2092 tenus
750 2030 789 2093 ab
817 2027 967 2092 histrione
994 2028 1238 2114 pronunciantur
1264 2028 1304 2093 ad
1331 2035 1494 2114 partesque
1526 2030 1594 2094 eius
1626 2031 1788 2115 pertinent,

629 2141 713 2206 nullo
735 2140 783 2211 uti
805 2147 934 2226 possunt
954 2141 1078 2205 nomine
1101 2140 1261 2223 singulari.
1305 2140 1404 2218 Quare
1419 2141 1546 2206 Boetius
1560 2142 1681 2221 fallitur
1703 2144 1788 2208 rebe

628 2260 761 2332 menter,
790 2274 886 2337 quum
914 2253 1074 2317 Ranarum
1100 2255 1365 2341 παραχορήγημα,
1398 2253 1437 2316 ab
1464 2253 1531 2339 ipso
1556 2254 1725 2319 scholiasta
1750 2257 1788 2319 sic

628 2366 754 2443 dictum,
777 2364 912 2450 appellat
933 2369 1156 2452 παρασκήνιον;
1179 2365 1296 2429 fallitur
1318 2364 1450 2429 Meierus
1472 2385 1495 2431 a.
1510 2366 1618 2430 Beerio
1639 2366 1788 2445 laudatus

628 2478 682 2560 qui
712 2477 762 2541 vel
791 2477 867 2541 duas
895 2497 1039 2561 personas
1067 2478 1247 2563 parascenii·
1265 2477 1524 2559 nominedonat3
1553 2477 1673 2557 fallitur¹
1700 2480 1788 2559 etiam

627 2589 779 2671 Engerus:
808 2590 845 2653 de
873 2589 1058 2654 histrionum
1086 2590 1119 2654 in
1141 2588 1357 2674 Aristophanis
1385 2590 1710 2675 Thesmophoriaausis
1735 2611 1788 2655 nn·

628 2723 721 2780 mero,
744 2722 840 2785 quum
863 2724 892 2788 p.
916 2704 935 2765 6
958 2702 1137 2787 parascenio
1158 2702 1283 2779 tribuit,
1311 2702 1392 2785 quod
1420 2707 1475 2765 aut
1495 2702 1787 2787 parachoregematis

627 2821 682 2878 aut
703 2814 861 2878 histrionis
883 2814 959 2878 iusti
981 2819 1044 2877 est.

715 2928 767 2990 ΙΙΙ.
804 2927 901 2990 Binae
928 2926 1024 3009 igitur
1052 2946 1150 3010 quum
1178 2926 1242 2990 sint
1268 2926 1352 2992 chori
1379 2930 1490 3011 partes,
1523 2927 1559 2991 τὰ
1580 2929 1693 3015 peperci
1717 2928 1787 3016 μέλη

629 3046 659 3104 et
673 3043 875 3127 παρασκήνια,
898 3040 955 3103 hae
977 3047 1081 3103 tamen
1104 3039 1144 3102 ab
1166 3038 1272 3102 eedem
1295 3038 1384 3103 choro
1406 3038 1549 3121 aguntur.
1593 3038 1788 3104 Histrionum

627 3152 733 3217 contra
755 3174 826 3235 grex
849 3153 883 3216 in
905 3154 981 3218 duas
1004 3152 1155 3217 dividitur
1176 3156 1286 3237 partes,
1310 3171 1441 3235 quarum
1463 3150 1560 3214 altera
1582 3153 1610 3214 οἱ
1633 3152 1787 3239 ὑποκριταὶ

627 3265 715 3329 audit
741 3263 803 3330 κατ’
827 3267 957 3351 ἐξοχήν,
981 3265 1077 3329 altera
1097 3265 1134 3328 τὰ
1156 3266 1451 3351 παραχορηγήματα.
1496 3264 1580 3339 Quae
1602 3263 1658 3327 ubi
1681 3264 1788 3340 ambae

627 3379 659 3441 in
682 3399 742 3441 usu
771 3379 911 3456 luerunt,
939 3378 1037 3459 magis
1066 3376 1225 3460 magisque
1246 3376 1344 3439 factae
1366 3381 1440 3439 sunt
1461 3374 1665 3455 necessariae,
1696 3397 1789 3460 eoque

628 3491 725 3571 magis
747 3490 947 3567 necessariae,
977 3490 1057 3574 quud
1087 3489 1204 3553 Comici
1232 3488 1322 3551 Musa
1348 3488 1431 3552 ultra
1457 3486 1583 3551 modum
1604 3487 1790 3569 tragicorum

627 3602 715 3683 longe
743 3602 889 3666 excedens
917 3602 951 3663 in
981 3622 1181 3686 personarum
1209 3600 1387 3665 inventione
1421 3599 1508 3663 nulla
1523 3655 1525 3658 .
1542 3598 1707 3681 cogebatur
1738 3606 1790 3663 aut
1821 3676 1824 3684 Ι

627 3716 822 3779 coercebatur
848 3713 923 3795 lege.
967 3714 1052 3791 Quod
1081 3735 1177 3798 quam
1204 3735 1274 3778 vere
1304 3714 1423 3777 dictum
1445 3713 1514 3791 sit,
1529 3710 1647 3775 Comici
1668 3711 1789 3775 fabulae

627 3832 746 3910 praeter
773 3826 921 3910 Equitum
944 3826 1116 3890 luculenter
1150 3827 1260 3892 docent
1294 3846 1408 3889 omnes.
1458 3824 1518 3888 Sed
1552 3828 1599 3886 est
1630 3828 1662 3886 et
1695 3822 1789 3905 aliud,

627 3938 708 4021 quod
730 3959 917 4002 moneamus.
961 3939 1101 4024 Namque
1117 3939 1338 4004 Horatianum:
1360 3959 1399 4001 ne
1422 3942 1536 4034 quarta·
1553 3934 1639 4018 loqui
1661 3954 1790 4019 persona

627 4049 756 4114 laboret:
784 4051 955 4133 tragoediae
978 4052 1031 4116 dat
1052 4052 1161 4134 legem,
1190 4072 1253 4115 non
1275 4050 1457 4120 comoediae.
1502 4047 1588 4126 Quod
1611 4046 1649 4109 de
1664 4046 1790 4110 Cratino

626 4168 733 4225 narrat
761 4164 979 4245 grammaticus
1007 4167 1073 4250 περὶ
1103 4166 1270 4251 κωμῳδίας
1297 4163 1379 4249 apud
1407 4159 1539 4226 Meinelr.
1567 4159 1587 4221 l.
1610 4158 1631 4221 l.
1658 4179 1689 4241 p.
1713 4151 1789 4222 540:

627 4275 838 4370 aurqsro'peros
866 4276 899 4339 δὲ
930 4278 946 4338 ὁ
969 4274 1118 4363 Κρατῖνος
1140 4277 1304 4363 κατέστησε
1329 4277 1383 4362 μὲν
1406 4278 1526 4362 πρῶτον
1555 4273 1591 4338 τὰ
1613 4272 1648 4337 ἐν,
1667 4278 1712 4355 τῇ
1733 4296 1790 4335 κω·

629 4389 729 4474 μῳὸίᾳ
763 4387 912 4475 πρόσωπα
949 4388 1036 4475 μέχρι
1069 4392 1177 4476 τριῶν,
1213 4390 1366 4474 συστήσας
1397 4388 1452 4471 τὴν
1487 4385 1625 4458 ἀταξίανῑ
1657 4382 1692 4446 id
1720 4403 1791 4447 cum

625 4498 853 4564 narrationibus
892 4500 955 4564 illis
995 4500 1032 4563 de
1071 4501 1189 4583 origine
1224 4500 1402 4582 'tragoediae
1434 4504 1466 4560 et
1483 4494 1671 4581 comoediae
1709 4493 1791 4580 apud

581 4661 594 4688 ‚
625 4608 781 4674 Aristotel.
804 4612 915 4677 Poetic.
930 4612 981 4690 IV,
1007 4613 1047 4676 14
1062 4634 1127 4697 sqq.
1149 4613 1278 4696 Diogen.
1300 4612 1400 4676 Laert.
1420 4609 1474 4694 Ill,
1497 4610 1549 4673 56.
1577 4607 1691 4672 Athen.
1707 4606 1789 4685 xlv,
