4484 5467
1026 413 1225 474 ΣΦΗΚΕΣ·

701 590 810 677 ὕφελκε
831 593 939 657 θᾶττον
963 591 1062 659 αὐτόν.
1088 592 1112 656 ὦ
1140 594 1335 680 μιαρώτατος,

700 704 739 770 ἵν’
764 695 962 775 incisiones·
984 706 1061 771 ὥστ’
1085 705 1186 792 ἔμοιγ’
1214 707 1379 770 ἰνδάλλεται
1427 723 1434 764 ;

704 816 881 905 ὁμοιότατος
903 822 1054 908 κλητῆρος
1075 818 1151 886 εἶναι
1175 819 1291 906 πωλίῳ.

958 969 961 973 ’
1026 943 1232 1005 ΦΙΑΟΚΛΕΩΝ.

533 1064 595 1121 190
702 1047 728 1114 εἰ
751 1049 792 1136 μή
820 1046 856 1136 μ’
871 1046 981 1113 ἐάσαθ’
1006 1049 1135 1135 ἥσυχον,
1159 1046 1351 1133 μαχούμεθα.

937 1229 939 1233 ⁴
1010 1170 1246 1232 ΒΔΕΛΥΚΛΕΩΝ.

705 1273 846 1362 περὶτοῦ
872 1276 967 1363 μαχεῖ
986 1278 1047 1362 νηῖν
1072 1274 1164 1356 δῆτα;

912 1419 935 1425 ’”
1003 1394 1229 1458 tilltOKllEttN.

1030 1535 1033 1541 ,
1124 1496 1233 1581 -περὶ
1255 1491 1327 1559 ὄνου
1353 1496 1445 1567 σκιᾶς.

614 1801 643 1852 γε
654 1782 683 1835 σὺ
693 1781 748 1847 ἔσει,
761 1783 791 1837 R.
804 1800 832 1853 γε
844 1782 881 1846 σὺ,
892 1798 967 1851 quem
976 1784 1115 1851 sequumtur
1127 1780 1280 1834 recentiores
1294 1781 1411 1834 editores.
1440 1773 1594 1833 Fritzsehius
1604 1780 1705 1832 Thesm.

617 1870 686 1923 1004
712 1870 794 1923 obiter
822 1869 944 1923 coniecit:
979 1863 1054 1922 Οὔτοι
1083 1867 1120 1936 μὰ
1146 1866 1190 1919 τὸν
1212 1863 1262 1931 Δί’,
1284 1862 1356 1931 (liro,
1378 1866 1508 1939 χαιρήσων
1531 1884 1560 1935 γε
1578 1864 1616 1919 σἰ.
1651 1861 1706 1917 οὔτι

614 1957 693 2009 etiam
710 1956 805 2023 Reisig.
824 1956 934 2008 servarit
952 1954 1023 2008 Ocni.
1041 1970 1066 2029 ρ.
1086 1956 1145 2014 297.
1174 1954 1263 2007 Elmsl.
1282 1953 1391 2007 Acharn.
1409 1951 1460 2012 563
1477 1953 1514 2005 ita
1530 1952 1605 2023 legit:
1633 1946 1706 2009 Οὖτις

614 2038 722 2107 (οὒτις);
740 2042 777 2111 μὰ
794 2040 838 2094 τδν
856 2037 893 2094 At
916 2037 969 2095 οδτι
986 2043 1114 2115 χαιρήσων
1134 2060 1161 2113 ηε
1179 2040 1216 2105 σέ,
1235 2041 1303 2109 quod
1320 2039 1412 2109 recepi.
1434 2039 1555 2092 Valcken.
1574 2037 1607 2090 ad
1620 2037 1706 2105 Errrip.

613 2129 692 2198 Hipp.
715 2128 781 2181 1065
805 2128 864 2193 ἔσει,
891 2129 958 2198 quod
984 2130 1100 2202 retinuit,
1128 2130 1160 2181 ab
1186 2128 1275 2190 ἐσιέναι
1302 2126 1468 2180 derivandum
1495 2140 1551 2197 esse
1579 2125 1705 2193 opinatur,

613 2219 644 2269 ut
669 2216 703 2268 sit
729 2215 921 2284 „ingredieris“.
960 2214 1039 2283 Atqui
1066 2215 1146 2268 Attici
1176 2216 1276 2267 tantum
1303 2212 1371 2277 εἴσει,
1404 2226 1532 2280 nunquam
1563 2209 1622 2263 ἔσει
1635 2210 1707 2281 ¹diue·

614 2306 682 2355 ruut.
716 2302 847 2355 chraeus
867 2302 995 2354 Brunclrio
1022 2301 1220 2354 assentiebatur:
1246 2296 1332 2370 Οὖτις,
1360 2299 1397 2369 μὰ
1423 2296 1467 2351 τὸν
1495 2291 1546 2361 Δί’,
1576 2292 1633 2348 οὔτι·
1651 2314 1707 2368 χαι-

614 2389 699 2461 ρήσων
730 2386 754 2459 γ’
785 2387 844 2441 ἔσειι
875 2389 945 2456 prius
976 2388 1136 2457 proponebat
1167 2383 1246 2450 οὗτοι,
1278 2405 1305 2455 μ.
1333 2403 1356 2438 τ.
1381 2380 1418 2449 0.,
1445 2378 1519 2447 Oto,
1545 2401 1572 2457 χ.
1594 2380 1617 2453 γ’
1649 2380 1704 2446 ἔσει,

613 2477 705 2544 postea
720 2489 780 2529 uero
798 2493 825 2549 χ.
842 2492 870 2545 γε
888 2472 926 2528 σὀ.

577 2579 601 2615 v.
617 2562 675 2615 190.
704 2560 808 2635 quiqu<
826 2561 857 2615 R.
875 2561 907 2615 V.
921 2561 1020 2613 Iovem.
1038 2559 1117 2613 Beki.
1141 2561 1234 2629 Bergk.
1253 2558 1349 2633 ἦσνχον
1368 2559 1453 2627 uulgo.
1489 2558 1631 2625 Vtrumque
1649 2570 1709 2609 con·

614 2649 691 2713 venit,
709 2649 742 2701 ad
759 2652 895 2718 utrumque
912 2647 953 2700 uel
973 2643 1121 2719 consimilat
1139 2647 1179 2699 uel
1200 2648 1311 2701 ἔλαδνειν
1330 2643 1541 2699 subaudiendum.

577 2755 602 2791 ν.
618 2735 675 2789 100.
711 2730 798 2807 ἐάσηθ’
815 2732 873 2788 Ald.
886 2733 952 2787 lunt.
965 2733 1040 2787 Kust.
1053 2732 1203 2787 soloecismo
1215 2732 1339 2797 sollemni,
1358 2746 1433 2799 quem
1450 2730 1586 2800 profligare
1605 2732 1707 2782 strenue

615 2821 746 2875 contendit
762 2819 913 2873 Brunclrius

577 2927 601 2963 v.
617 2909 676 2962 191.
711 2907 787 2980 μάχει
804 2907 835 2960 R.
853 2905 886 2960 V.
905 2905 933 2961 0.
959 2906 1013 2961 Ιον.
1035 2906 1146 2961 Brunclr.
1169 2906 1241 2983 μάχη
1264 2906 1322 2960 ΑΙιΙ.
1345 2904 1411 2962 lunt.
1432 2903 1508 2958 Kust,
1530 2907 1609 2976 μαχεῖ
1630 2900 1706 2954 Dind.

612 2994 693 3049 Bekis
709 2992 837 3062 Hirschig.
855 2992 948 3062 Bergk.

541 3227 569 3277 at
589 3220 690 3284 hercle,
716 3217 824 3273 nihilum
846 3222 875 3271 tu
896 3232 956 3271 uero
981 3233 1040 3271 cum
1062 3232 1105 3271 νο-
1154 3220 1252 3286 patrem
1270 3232 1328 3269 cum
1345 3216 1415 3286 pullo
1435 3215 1569 3279 subrumo‚
1592 3215 1636 3284 qui
1650 3232 1709 3279 mee

539 3310 640 3379 luptate
657 3309 710 3361 tua.
1152 3307 1218 3356 trem
1244 3303 1323 3355 subiit
1348 3302 1466 3371 sugitque
1492 3302 1599 3354 ubera..
1622 3301 1710 3354 Asello

586 3412 611 3447 ν.
627 3393 684 3447 187.
709 3390 814 3464 terte:
832 3390 1104 3461 seruoimperathe-
1152 3405 1212 3443 uero
1238 3388 1336 3461 κλητὴρ
1362 3390 1481 3453 uocatur,
1507 3388 1577 3457 quod
1601 3391 1627 3447 et
1652 3388 1709 3456 ipsa

538 3483 632 3552 tyeleq
650 3482 712 3533 item
723 3479 863 3547 sequentia,
881 3478 955 3547 quasi
966 3480 1039 3546 patre
1052 3492 1102 3529 non
1152 3474 1237 3528 καλεῖν
1256 3476 1273 3529 i.
1286 3492 1307 3529 e.
1325 3475 1411 3543 rugire
1429 3476 1506 3538 amat,
1523 3477 1550 3526 et
1566 3474 1635 3543 quod
1652 3473 1708 3541 pul-

538 3569 684 3639 praescnte,
702 3579 776 3617 seruo
795 3564 922 3618 dicuntur.
955 3563 1028 3628 erod
1040 3563 1102 3615 mihi
1151 3563 1204 3614 lum
1222 3562 1302 3614 nulrit
1319 3562 1448 3634 κλητῆραε
1470 3563 1500 3614 ut
1516 3561 1595 3615 schol.
1609 3559 1708 3633 κλητῆ-

537 3653 609 3707 haud
635 3652 731 3720 exiguo
756 3650 859 3704 tenuive
882 3653 1030 3718 argumento
1052 3651 1099 3713 est,
1150 3666 1192 3721 ρος
1209 3648 1274 3701 εἶπεν
1291 3647 1326 3707 εἰς
1347 3646 1535 3720 φιλοδικαστὴν.
1571 3646 1623 3699 Aut
1641 3646 1709 3699 filius

537 3739 738 3808 Bdclyclconem
755 3738 868 3791 nondum
887 3736 1056 3791 descendisse.
1149 3735 1235 3788 omnia
1251 3750 1372 3803 perversa
1388 3749 1445 3787 esse
1462 3733 1539 3787 dicit:
1557 3734 1628 3785 asino
1640 3732 1707 3785 enim

584 3841 610 3876 ν.
629 3823 686 3877 188.
715 3822 760 3875 tv'z
778 3823 857 3875 schol.
877 3822 948 3875 tneo.
975 3822 1100 3890 Supplen-
1149 3821 1190 3875 uel
1216 3836 1281 3890 equo
1307 3821 1366 3873 vehi
1391 3820 1508 3874 solebant
1530 3819 1553 3873 ot
1574 3817 1708 3890 κλητῆρες,

537 3913 600 3965 dum
613 3913 659 3963 τοῦ
671 3907 751 3962 τόπου
770 3909 810 3962 νοΙ
828 3912 873 3961 τοῦ
886 3905 987 3980 θηριοοι
1006 3907 1099 3976 ὢμια-
1149 3907 1250 3977 quando
1268 3907 1325 3976 quis
1343 3922 1401 3959 rure
1418 3906 1548 3959 vocandus
1567 3908 1629 3960 erat.
1658 3905 1708 3956 lta·

537 3997 654 4070 ρώτατος
679 3998 725 4048 τοῦ
749 3991 850 4068 θηρίον,
873 3993 907 4046 ἔν’
938 3992 1099 4046 ἀποδέδυκεν.
1149 4009 1197 4062 que
1208 3992 1276 4045 filius
1293 3995 1395 4061 patrem
1414 3992 1513 4045 asinum
1525 4007 1589 4056 esse,
1608 3991 1707 4043 asinum

536 4084 592 4137 Aut
609 4098 669 4136 cum
684 4081 867 4134 interiectionis
889 4080 961 4149 signo
983 4096 1095 4149 pronun·
1146 4094 1205 4131 voro
1224 4081 1346 4147 tanquam
1364 4077 1481 4150 κλητῆρα
1502 4081 1575 4147 patre
1592 4076 1650 4130 uehi
1668 4076 1706 4127 ‹li-

536 4168 658 4223 ciandum
683 4170 734 4231 est,
760 4172 789 4222 ut
814 4167 965 4235 interpretes
992 4166 1094 4236 quidam
1145 4166 1188 4218 cit.
1207 4164 1453 4218 annullamus
1472 4161 1704 4215 etschol.adh.u.

535 4256 611 4309 latini
636 4257 778 4308 verterunt:
807 4253 1013 4322 „Impurissimus
1038 4254 1095 4317 istc,
1145 4252 1183 4305 De
1205 4250 1303 4322 κλητηρ
1331 4250 1363 4303 cf.
1391 4250 1507 4303 Schoem.
1533 4248 1587 4300 Att.
1614 4246 1656 4300 Pr.
1679 4265 1704 4317 ρ.

536 4356 660 4411 quorsum
678 4341 819 4393 subieratt“
1146 4338 1197 4392 576
1215 4353 1269 4406 sqq.

588 4443 612 4479 ν.
642 4424 699 4481 189.
742 4425 840 4501 πιολέιμ.
876 4426 1013 4499 Comparat
1028 4424 1096 4480 filius
1198 4440 1222 4477 ν.
1243 4423 1299 4476 191.
1333 4422 1389 4496 περὶ
1410 4418 1469 4475 ὄνον
1493 4428 1572 4485 σκιᾶς.
1607 4422 1644 4478 Dc
1662 4437 1706 4478 no·
