4484 5467
919 607 1111 665 Paonueou.
1146 609 1259 666 carm
1277 610 1290 666 1

716 781 791 860 ίδού,
814 778 983 868 δίχουτὴν
1007 784 1127 865 ψῆφον·
1151 780 1167 843 ὁ
1190 781 1333 854 καδίσκος
1353 782 1388 864 δί
1412 806 1465 849 σοι

717 896 733 959 ύ
758 894 812 980 μὲν
835 891 978 957 ἀπολύων
1003 890 1102 967 ούτος,
1127 893 1143 955 d
1167 892 1196 957 d‘
1221 893 1357 966 ἀπολλδς
1380 894 1440 959 δδί.

539 1009 646 1094 (Mein.
670 1008 755 1072 Com.
779 1005 823 1082 11,
853 1004 915 1068 593
937 1003 992 1067 hos
1014 1023 1120 1067 versus
1150 1005 1276 1069 fortasse
1298 1004 1337 1069 ad
1364 1005 1530 1072 musicum
1555 1003 1700 1093 Sophoclis

539 1128 571 1185 et
592 1119 750 1205 Euripidis
780 1122 934 1181 certamen
956 1121 1092 1201 spectaro
1114 1114 1217 1201 dicit.)
1259 1116 1374 1183 Eadem
1396 1119 1462 1182 fero
1485 1117 1635 1197 Photide,
1655 1115 1698 1201 qui

538 1239 695 1320 praetcrea
729 1230 859 1313 glossam
893 1225 930 1291 do
964 1226 1070 1290 eadem
1092 1246 1125 1290 re
1147 1228 1287 1312 praebet,
1321 1236 1352 1294 et
1373 1228 1505 1309 Suidas,
1544 1229 1610 1295 nisi
1630 1226 1697 1314 qnod

539 1352 668 1429 uterque
693 1342 798 1428 ἕλεηον
821 1360 875 1426 pro
898 1341 1045 1404 ἐκαλεῖτο.
1089 1338 1195 1403 Priora
1217 1342 1309 1406 verba
1330 1362 1429 1426 usque
1453 1342 1495 1407 ad
1520 1345 1552 1409 ci
1576 1340 1697 1408 δικασταί

539 1458 674 1522 Zonaras
696 1477 721 1519 s.
742 1474 772 1518 v.
801 1452 911 1517 Thom.
934 1450 1015 1534 Mag.
1038 1473 1062 1514 s.
1085 1472 1114 1514 v.
1138 1454 1245 1524 κάδοςε
1274 1455 1435 1527 καδδίσκος
1459 1455 1494 1520 δὲ
1526 1453 1649 1542 ἀγγεῖόν
1667 1477 1694 1529 π,

541 1571 572 1635 ἐν
596 1564 622 1655 qi
644 1568 696 1637 τὰς
727 1568 849 1652 ψήφους
878 1563 1007 1654 ἔβαλλον
1042 1562 1094 1647 (de
1120 1563 1272 1649 scriptura
1299 1568 1411 1637 κοίδδος
1432 1570 1466 1630 ot
1492 1568 1655 1638 καδδίσκος
1671 1586 1693 1630 ι.

540 1678 668 1744 Ritschl.
691 1677 774 1742 adh.
796 1676 842 1760 1.).
871 1674 1043 1759 Hesychius
1059 1675 1205 1740 eadem‘s.
1219 1697 1260 1760 v.,
1282 1677 1337 1742 ubi
1357 1675 1428 1742 vide
1451 1683 1563 1743 notam
1578 1676 1693 1759 Albuti,

541 1791 603 1856 nisi
625 1788 706 1875 quod
730 1788 839 1875 ἔφερον
862 1807 917 1872 pro
941 1786 1069 1877 ἔβαλλον
1098 1787 1200 1851 habet.
1244 1788 1354 1855 Pollux
1375 1787 1511 1873 danique
1536 1789 1626 1869 vm,
1654 1788 1693 1869 u,

541 1923 602 1989 quo
623 1901 689 1966 loco
710 1901 746 1965 τά
768 1899 922 1965 δικαστικά
945 1897 1036 1985 σκεύη
1060 1905 1236 1965 enumerat:
1264 1901 1407 1971 καδίσκος
1429 1901 1486 1987 μὲν
1510 1898 1568 1968 οὖν
1593 1899 1693 1967 ἔστιτί

542 2020 677 2102 ἀγγεῖον,
703 2007 729 2099 qi
752 2012 804 2082 τὰς
828 2013 950 2096 ψήφους
972 2010 1162 2094 ἐγκαθίεοαν.
1185 2048 1227 2057 -
1253 2009 1413 2075 Debebunt
1433 2010 1548 2096 utique
1571 2014 1637 2101 περί
1654 2035 1693 2077 κο·

542 2130 653 2195 δίσκων
683 2123 850 2210 explicare3
877 2120 982 2207 plures
1004 2121 1088 2185 enim
1116 2141 1226 2200 urnas,
1260 2121 1403 2187 videlicet
1430 2121 1511 2187 duas
1533 2124 1644 2206 fuisso,
1671 2127 1695 2185 et

541 2262 649 2307 vorsus
671 2239 763 2324 Vesp.
787 2236 847 2300 321
872 2239 903 2299 et
924 2233 987 2299 853
1010 2253 1075 2317 sqq.
1098 2239 1130 2297 ct
1152 2232 1343 2318 Phrynichus
1371 2234 1455 2320 apud
1476 2233 1695 2322 lexicogrsphos

542 2359 573 2418 et
588 2351 722 2417 maxime
737 2349 842 2433 Lysias
857 2348 933 2412 κατὰ
944 2344 1049 2431 Ἀγορ.
1064 2367 1095 2431 p.
1108 2347 1170 2410 467
1186 2346 1321 2410 ostendit
1333 2351 1365 2410 ot
1379 2346 1493 2413 diserte
1508 2347 1608 2414 schol.
1617 2347 1696 2431 Vesp

542 2486 572 2531 v.
588 2465 650 2529 987
674 2463 775 2527 docet:
799 2461 853 2525 δύο
876 2459 933 2544 γὰρ
957 2459 1106 2544 ἀμφορεῖς
1129 2459 1212 2536 εἰσιν,
1236 2459 1313 2524 oct
1338 2460 1392 2545 μὲν
1414 2459 1520 2546 κύριος
1543 2459 1697 2547 λεγόμενος

543 2580 687 2665 χαλκοῦς,
703 2575 744 2644 εἰς
760 2573 793 2637 δν
804 2573 858 2656 τὴν
872 2570 975 2656 κυρίαν
994 2576 1097 2657 ψῆφον
1110 2571 1254 2635 καθίεσαν
1272 2572 1300 2634 oi
1315 2572 1481 2657 δικασταὶῆ
1493 2573 1696 2646 καταδικάζοι

543 2689 624 2772 τεςῆ
643 2685 835 2763 ἀπολύοντες,
860 2684 876 2746 ὁ
893 2683 926 2748 δὲ
949 2682 1051 2769 ἕτερος
1068 2683 1193 2760 ξύλινος,
1216 2683 1257 2753 εἰς
1273 2682 1305 2749 ὃν
1328 2684 1381 2755 τὰς
1401 2684 1535 2770 ἀκύρους
1552 2684 1708 2750 καθίεσαν·-

548 2800 639 2865 ύπύτε
655 2800 688 2863 δὲ
704 2800 811 2867 πάντες
827 2795 1052 2882 διεψηφίσαντο,
1068 2795 1109 2865 εἰς
1124 2796 1174 2858 τὸν
1189 2800 1324 2881 χαλκοῦν
1339 2798 1432 2861 κάδον
1446 2798 1664 2885 διηριθμοδντο
1674 2797 1698 2861 ui

547 2919 655 3001 ψῆφοι.
693 2912 743 2976 καὶ
765 2908 958 2982 κατεδίκαζον
983 2908 1036 2993 μὲν
1061 2910 1090 2972 αἱ
1111 2907 1343 2993 τετρυπημέναι,
1366 2908 1498 2973 ἀπέλυον
1523 2910 1559 2974 δὲ
1583 2912 1614 2975 αί
1635 2910 1698 2992 πλή·

547 3050 616 3112 ρεις.
660 3027 753 3089 δεῖται
777 3019 829 3087 οὖν
854 3021 958 3097 αὐτοῦ,
980 3018 1027 3083 ἵνα
1049 3020 1104 3103 τὴν
1126 3019 1348 3106 τετρυπημένην
1371 3022 1413 3090 εἰς
1434 3020 1484 3083 τὸν
1509 3020 1635 3108 ύστερον
1655 3020 1698 3084 cis

547 3138 657 3225 ἄκυρον
669 3137 792 3219 καταδῇ
806 3136 856 3199 καὶ
872 3129 1013 3215 ἀπολύση
1030 3131 1079 3195 τδν
1096 3131 1356 3216 ἀπολογούμενον.
1390 3132 1547 3218 φαίνονται
1563 3135 1599 3198 δὲ
1622 3132 1699 3216 συνή·

546 3252 612 3321 διας
627 3253 790 3317 καλοῦντες
811 3245 861 3310 τδν
884 3244 987 3330 κύριον
1004 3243 1146 3329 ἀμφορέα
1169 3242 1324 3329 πρότερον,
1346 3245 1396 3309 τδν
1420 3244 1449 3308 δ’
1474 3244 1580 3331 ἕτερον
1598 3245 1700 3331 ἄκυροι

548 3363 679 3449 ὕστερον.
717 3358 828 3428 ἄλλως.
852 3358 893 3427 εἰς
913 3358 964 3422 τδν
986 3357 1107 3443 ὕστερον
1131 3357 1164 3420 δὲ
1186 3357 1328 3420 καδίσκον
1347 3357 1402 3441 τὴν
1419 3357 1701 3443 ἀποδοκιμάζουσα

548 3474 692 3560 ἐνέβαλον
710 3476 823 3556 ψῆφον.
846 3468 1001 3551 integram
1016 3467 1162 3553 exscripsi
1174 3468 1415 3550 annotationem,
1429 3466 1506 3532 licet
1523 3468 1593 3534 eius
1610 3473 1701 3555 poste·

547 3584 621 3649 riori
635 3590 722 3668 parte
736 3587 816 3661 utar,
832 3581 886 3645 ubi
901 3580 938 3644 de
953 3580 1078 3645 calculis
1094 3587 1125 3645 et
1146 3580 1183 3645 de
1198 3581 1413 3665 suffragiorum
1426 3579 1517 3646 modo
1532 3602 1570 3647 ac
1592 3582 1702 3661 ratione

549 3695 766 3782 disputabitur.
788 3694 847 3759 Hic
862 3693 988 3779 quidem
1002 3694 1116 3759 sufficit
1131 3694 1322 3780 comperisse,
1339 3694 1415 3759 duas
1429 3694 1527 3759 fuisse
1540 3715 1648 3776 urnas,
1666 3692 1704 3759 al·

547 3817 645 3873 teram
659 3828 796 3888 aeneam,
819 3808 946 3874 alteram
968 3808 1113 3893 ligneam,
1137 3830 1263 3873 aeneam
1278 3808 1405 3893 quidem
1426 3809 1532 3895 κυρίαν
1556 3815 1701 3887 roceum,

546 3921 681 4005 ligneam
698 3920 820 4007 ἄκυρον,
835 3941 962 3985 aeneam
973 3941 1093 4005 quoque
1109 3921 1266 4007 προτέραν,
1282 3919 1418 4002 ligneam
1433 3920 1571 4007 ὑστέραν.
1594 3920 1702 3987 Eadem

545 4040 676 4101 testatur
696 4032 789 4098 schol.
804 4033 908 4119 Equit.
927 4033 1019 4099 1150.
1053 4034 1090 4097 ln
1106 4033 1273 4117 Phrynichi
1288 4032 1427 4097 versibus
1444 4032 1621 4099 δάπολύων
1633 4052 1702 4097 num

548 4149 692 4235 δκύριος,
715 4152 821 4210 contra
845 4146 1013 4218 ύάπολλδς
1034 4146 1128 4211 fuerit
1151 4146 1305 4233 ὃάκυρος,
1328 4145 1442 4209 dubito.
1476 4144 1704 4210 Schoemunnus

545 4263 601 4349 Op.
630 4258 713 4326 acad.
743 4260 774 4340 1,
804 4260 868 4323 264
903 4259 995 4323 istam
1024 4258 1162 4341 suffragii
1190 4258 1307 4323 ferendi
1335 4258 1465 4322 sormam
1491 4255 1589 4321 aliam
1616 4258 1704 4322 feriam

543 4374 634 4456 dicit,
670 4391 768 4458 quum
798 4391 880 4434 unus
913 4375 1036 4433 tuntum
1070 4368 1206 4434 calculus
1239 4374 1500 4435 commemoretur.
1556 4369 1704 4454 Equidem

542 4484 711 4569 Phrynichi
733 4501 844 4547 versus
860 4480 1094 4566 Aristophaneis
1117 4481 1292 4549 simillimos
1314 4481 1408 4564 duco,
1431 4480 1622 4566 modumque
1644 4481 1704 4547 sui·

541 4597 631 4679 fragii
654 4596 770 4661 ferendi
794 4594 997 4660 simillimum.
1031 4595 1076 4657 De
1100 4616 1160 4678 quo
1183 4596 1271 4658 infra.
1308 4594 1515 4677 Relinquitur.
1538 4601 1575 4659 ut
1590 4595 1628 4659 de
1643 4595 1703 4659 loco
