4484 5467
537 630 582 684 Du
598 628 770 687 rvololsvs
787 632 1044 689 ATHENIENSIVM
1061 635 1243 700 REBVSQVE
1260 633 1490 692 rvololsursvs
1556 637 1616 701 139

450 802 591 887 Reliqua
611 803 649 868 οὐ
672 842 713 852 -
735 806 833 893 ἐχῖνοι
853 825 947 871 seusu
969 811 1090 885 careut3
1113 807 1165 872 cfr.
1187 806 1263 872 Poll.
1286 807 1324 885 X,
1348 809 1398 871 71.
1421 807 1514 872 Mein.
1532 797 1616 873 Com.

452 914 488 980 11
510 937 542 1001 p.
566 915 638 980 127.
662 916 748 1001 ττι.)

544 1026 641 1092 XVII.
684 1028 806 1110 Restat,
835 1032 872 1093 ut
897 1028 936 1093 de
965 1029 1050 1117 Lyci
1074 1034 1169 1095 heroo
1197 1029 1348 1096 nonnulla
1373 1030 1551 1116 proferam·
1580 1032 1617 1095 In

456 1138 568 1224 Vespis
589 1138 685 1223 igitur
700 1140 861 1220 Philocles,
885 1162 991 1226 quum
1013 1161 1091 1225 quae
1112 1142 1153 1206 ad
1174 1143 1279 1227 fugam
1300 1142 1469 1229 parandam
1487 1142 1617 1208 medita

455 1258 511 1318 tus
532 1256 606 1331 erat,
627 1252 717 1318 irrita
738 1252 903 1318 ceciderint
924 1254 1038 1337 omnia,
1060 1254 1177 1339 Lycum
1197 1255 1321 1320 heroem
1343 1260 1484 1340 precatur
1505 1254 1568 1319 his:

544 1386 575 1430 v.
599 1365 676 1431 389:
699 1366 726 1430 ὦ
747 1366 828 1431 Λύκε
850 1367 998 1445 δέσποτα,
1026 1368 1132 1452 γείτων
1154 1368 1254 1453 ἤρας·
1284 1366 1321 1432 cb
1349 1367 1405 1454 γὰρ
1429 1367 1533 1455 οἷσπερ
1556 1368 1618 1452 ἐγὼ
1730 1408 1733 1413 -

1326 1481 1505 1566 κεχάρησαι,

543 1609 575 1653 ν.
597 1588 675 1653 393:
696 1588 822 1675 ἐλέησον
844 1592 895 1655 καὶ
916 1592 1018 1654 σῶσον
1041 1590 1105 1654 νυνὶ
1125 1589 1175 1654 τδν
1200 1594 1313 1655 σαυτοό
1336 1589 1561 1678 πλησιύχωρον.

544 1705 576 1767 ot
602 1721 632 1765 v.
661 1700 724 1765 819
751 1698 891 1765 Philocl.:
925 1702 957 1767 ἓν
989 1700 1034 1766 ἔτι
1054 1702 1163 1779 ποθῶ,
1191 1702 1228 1767 τὰ
1249 1700 1278 1766 δ’
1304 1701 1374 1767 ἄλλ’
1405 1702 1525 1789 ἀρέσκει
1555 1728 1617 1790 μοι.

558 1813 559 1816 ’
1327 1812 1413 1878 Bdel.
1436 1815 1469 1879 τδ
1491 1815 1533 1895 τί;

423 1931 426 1936 ’
545 1923 671 1991 Philool.
692 1924 818 2011 δήρηῖον
842 1922 873 1989 σί
888 1948 956 1995 ποις
978 1926 1154 2012 ἐκκομίσαις
1175 1926 1209 1989 τὸ
1231 1929 1285 1989 τοῦ
1309 1925 1421 1991 Λύκου.

458 2037 511 2104 Ad
530 2036 648 2123 priores
668 2056 775 2119 vorsus
797 2034 975 2102 scholiasta:
1003 2038 1085 2124 παρὰ
1105 2041 1169 2107 τοῖς
1192 2037 1392 2124 δικαστηρίοις
1413 2038 1513 2109 Λύκος
1535 2041 1620 2126 ἥριυς

456 2150 560 2237 ίδρυτο
581 2146 700 2233 (Etym
723 2147 767 2213 Μ.
796 2170 821 2212 s.
843 2169 873 2213 ν.
897 2149 1035 2214 δεκύσαιι
1063 2149 1139 2235 πρὸς
1167 2150 1200 2213 δὲ
1228 2152 1293 2219 τοῖς
1322 2150 1353 2215 ἐν
1381 2148 1528 2236 Ἀθήναις
1556 2154 1619 2215 dae·

459 2266 613 2349 στήλιυται
641 2259 872 2355 δικαστηρίοις),
903 2259 996 2325 ἔθυον
1027 2261 1061 2325 δὲ
1089 2260 1175 2346 αύτῷ
1200 2262 1251 2325 καὶ
1279 2260 1428 2347 ἀπένεμον
1452 2263 1618 2327 δικαστικὸν

459 2372 581 2462 prodor.
603 2378 635 2436 et
655 2372 806 2437 Venetus:
835 2373 916 2458 παρὰ
937 2376 1001 2443 τοῖς
1024 2369 1225 2459 δικαστηρίοις
1246 2374 1279 2437 τδ
1301 2377 1356 2447 τοῦ
1380 2373 1482 2439 Λύκου
1505 2378 1620 2461 ἡρῷον,

457 2478 530 2570 rideo
560 2486 650 2571 φασὶν
680 2485 820 2572 εἰρῆσθαι
849 2483 951 2548 Λύκου
981 2486 1078 2555 δεκάς.
1123 2484 1234 2555 ἄλλως.
1279 2485 1381 2549 Λύκου
1410 2487 1516 2572 ἡρῷον
1547 2488 1621 2573 πρὸς

456 2605 505 2685 τῷ
528 2597 711 2683 δικαστηρίῳ
738 2595 798 2679 (ita
818 2594 941 2680 saepius
964 2616 1092 2662 numero
1115 2595 1265 2679 singulari
1287 2601 1420 2661 utuntur
1441 2597 1621 2663 scholiastae
1725 2580 1731 2589 ⁴

455 2731 514 2798 pro
535 2707 664 2795 plurali)
685 2707 741 2794 ἦν,
769 2702 973 2794 ᾦέρίριζον,
1002 2708 1050 2772 ὅτε
1079 2711 1255 2795 δικαστήρια
1283 2708 1339 2794 ἧν,
1366 2710 1416 2775 τὸν
1446 2711 1527 2797 παρὰ
1555 2716 1620 2783 τοῖς

455 2825 592 2910 λαχοῦσι
624 2823 684 2886 τῶν
716 2818 890 2907 >Λδηναίιον
925 2822 1053 2893 δικάζειν
1092 2821 1259 2886 δικαστικὸν
1299 2804 1413 2907 ρισύδν
1444 2824 1620 2912 τριώβολον.

456 2930 538 3001 Tale
558 2932 655 3016 igitur
675 2934 780 3020 ἡρῷον
803 2930 940 3017 proxime
962 2930 1125 2996 dicasteria
1146 2936 1338 2996 exstructum
1359 2932 1434 3014 fuit,
1457 2933 1496 2997 ad
1518 2934 1621 3019 ipsum

455 3044 641 3123 introitum
670 3043 750 3129 Lyco
772 3049 877 3109 autem
898 3043 983 3109 heroi
1004 3044 1048 3127 (v.
1070 3043 1181 3109 Pollux
1202 3043 1262 3124 IX,
1285 3042 1341 3126 83)
1369 3044 1517 3109 mercedis
1538 3045 1620 3111 iudi-

457 3157 549 3226 cialis
576 3162 697 3243 partem
724 3154 951 3241 aliquantillum
979 3156 1194 3223 sacrificabant
1220 3153 1346 3219 iudices.
1390 3143 1477 3231 Quod
1498 3158 1621 3241 quando

457 3268 650 3349 resumsit,
673 3268 860 3354 ignoramus,
882 3289 980 3353 quum
1001 3268 1118 3335 iudices
1140 3274 1210 3356 post
1229 3272 1388 3355 peractum
1406 3267 1530 3333 demum
1550 3290 1621 3334 mu-

458 3405 523 3451 nus
545 3381 715 3448 mercedem
730 3402 750 3446 a
763 3380 919 3446 colaoretis
933 3382 1113 3476 acciperem,
1136 3381 1320 3446 exeuntibus
1340 3386 1445 3445 autem
1459 3381 1499 3447 ad
1518 3381 1625 3473 ipsum¹

459 3496 583 3563 exitum
602 3494 661 3561 fori
674 3513 819 3559 nummos
840 3498 1016 3559 numeratos
1042 3513 1107 3558 esse
1130 3494 1195 3559 veri
1210 3513 1273 3559 non
1294 3494 1336 3558 sit
1350 3492 1452 3559 simile
1474 3495 1621 3583 (v.Vesp.

460 3609 526 3676 785
546 3608 638 3692 sqq.).
676 3605 738 3672 Sed
759 3605 867 3671 dehis
889 3607 980 3672 rebus
1001 3606 1092 3669 infra
1137 3606 1205 3671 lam
1226 3626 1323 3691 quum
1344 3627 1460 3672 merces
1481 3607 1622 3674 iudicum

459 3720 612 3789 triobolus
633 3718 726 3783 furerit
747 3717 919 3805 Vesperum
940 3724 1090 3804 tempore,
1113 3717 1193 3783 illud
1215 3723 1319 3783 autam
1341 3718 1422 3803 quod
1443 3719 1478 3784 in
1499 3716 1622 3805 prover-

459 3834 551 3901 bium
573 3831 665 3910 abiit,
688 3831 789 3898 Λύκου
813 3833 917 3910 δεκάς,
939 3830 1090 3896 decimam
1109 3830 1233 3897 trioboli
1253 3837 1374 3917 partem
1395 3832 1480 3897 heroi
1501 3855 1521 3897 a
1541 3834 1623 3899 iudi-

460 3946 550 4013 cibus
579 3948 730 4010 sacratam
758 3962 824 4008 esse
851 3942 1007 4024 ostendat,
1030 3949 1270 4008 consentaneum
1292 3948 1353 4022 est,
1381 3943 1486 4009 decem
1506 3944 1623 4011 iudices

459 4057 545 4123 inter
567 4076 600 4121 se
622 4054 840 4140 composuisse,
862 4060 906 4119 ut·
920 4053 1036 4137 singuli
1057 4054 1190 4138 singulis
1211 4054 1397 4120 iudiciorum
1418 4055 1527 4122 diebus
1548 4058 1623 4123 trio-

461 4168 571 4235 bolum
591 4167 756 4246 traderent,
778 4165 871 4250 idque
893 4173 974 4232 certo
987 4166 1093 4231 ordine
1114 4173 1184 4253 post
1198 4167 1355 4253 expletum
1378 4166 1482 4232 decem
1504 4167 1624 4233 dierum

460 4301 630 4348 numerum
659 4280 760 4344 denuo
787 4278 982 4365 inciperetur.
1025 4278 1073 4344 Ex
1099 4278 1215 4345 talibus
1248 4280 1343 4363 igitur
1368 4279 1564 4345 societatibus
1591 4279 1624 4344 id

459 4392 599 4481 potuerit
627 4392 786 4475 consequi,
820 4392 901 4476 quod
927 4392 962 4457 in
982 4390 1142 4476 proverbio
1165 4395 1219 4455 est.
1264 4392 1411 4479 Harpocr.
1441 4391 1524 4484 enim
1546 4414 1570 4457 s.
1591 4411 1622 4457 τ.

461 4508 615 4581 δεκάζεινι
635 4502 809 4593 Ἰσοκράτης
830 4507 897 4592 περὶ
918 4509 973 4591 τῆς
995 4505 1115 4591 εἰρήνης
1138 4502 1180 4589 (ξ
1203 4502 1268 4587 50).
1292 4502 1336 4569 ὅτι
1358 4506 1431 4569 ποτὲ
1452 4502 1537 4569 τοῦτ’
1562 4506 1625 4571 ἐστὶ

463 4622 559 4703 δῆλον
584 4618 705 4684 ἅπασιν.
746 4614 970 4705 Ἐρατοσθένης
992 4618 1026 4682 δὲ
1048 4617 1079 4682 ἐν
1102 4620 1167 4685 τοῖς
1195 4616 1262 4701 περὶ
1283 4620 1339 4699 τῆς
1362 4617 1491 4705 ἀρχαίας
1512 4643 1623 4707 zopp-
