4484 5467
1038 649 1236 708 ΣΦΗΚΕΣ

1082 821 1183 881 ΚΥΩΝ.

709 949 747 989 oro
771 948 819 988 αυ.

1015 1042 1253 1103 ΒΔΡΛΥΚΛΕΩΝ.

825 1149 973 1231 πάρεστιν.

1030 1263 1239 1323 ΦΙΛίίΚΛίὨΝ.

965 1366 1069 1451 ἔτερος
1093 1364 1182 1434 οὗτος
1204 1361 1243 1428 αὖ
1266 1367 1380 1453 Λάβης,

710 1477 824 1562 &podda
846 1478 876 1560 γ’
904 1478 1035 1542 ὑλακτεῖν
1058 1479 1107 1540 καὶ
1130 1477 1288 1561 διαλείχειν
1310 1476 1363 1545 τὰς
1384 1476 1506 1562 χύτρας.

623 1763 713 1815 habet·
741 1761 826 1825 Dind.)
849 1766 898 1814 ποῦ
923 1761 944 1813 δ’
973 1761 1002 1813 δι’)
1026 1762 1082 1813 Ald.
1104 1760 1170 1815 Iunt.
1193 1761 1299 1814 Bentlei.
1335 1761 1375 1812 Ad
1399 1761 1462 1812 trane
1486 1760 1622 1811 lectionem
1642 1761 1716 1813 scho-

624 1851 698 1903 liasta
718 1851 815 1917 inepte:
838 1849 867 1901 τὸ
885 1849 912 1901 δὲ
929 1848 1035 1921 πλῆρες,
1053 1852 1102 1899 ποῦ
1121 1846 1148 1899 δὲ
1166 1846 1180 1899 ὁ
1197 1846 1313 1910 dadano,
1336 1846 1471 1899 ἐνιτείναυσι
1489 1847 1575 1914 μέντοι
1592 1848 1637 1898 καὶ
1653 1847 1683 1898 τὸ
1702 1847 1716 1898 d

624 1934 724 2010 ἄρθρον.
760 1936 810 1988 Sed
829 1935 961 2004 Eupolidis
978 1950 1079 1997 corsus,
1102 1950 1178 2002 quem
1195 1934 1282 1987 aiiert:
1306 1934 1351 2004 ιὴν
1369 1931 1565 2002 πανδοκείτριαν
1585 1933 1634 2003 γὰρ
1652 1932 1716 2003 ἀνὴρ

623 2023 636 2076 ὁ
654 2024 760 2095 γλάμων
781 2024 785 2089 Ι
807 2022 869 2096 ἔχει,
892 2037 1016 2091 quemque
1034 2021 1142 2073 correxit
1161 2020 1266 2073 Person.
1284 2019 1367 2072 deleto
1385 2019 1461 2091 ἀνὴρ,
1484 2018 1611 2070 Meinekio
1629 2034 1715 2070 assen-

622 2111 700 2162 tiento
719 2107 747 2161 C.
765 2107 789 2160 11
808 2125 833 2176 p.
852 2105 902 2159 432
927 2107 969 2170 (ci.
988 2104 1108 2157 Fritzsch.
1128 2104 1157 2168 Q.
1176 2106 1207 2156 Λ.
1225 2121 1250 2172 p.
1269 2104 1309 2156 90.
1336 2104 1428 2172 Bergk.
1447 2105 1501 2157 Rei.
1521 2103 1593 2157 Corn.
1613 2121 1637 2172 p.
1656 2102 1715 2167 336,

624 2212 724 2250 versum
748 2195 822 2247 aliter
838 2194 1021 2247 constituentes
1038 2193 1139 2244 serrato
1157 2190 1234 2243 verbo
1251 2190 1334 2262 ἀνήρ),
1351 2192 1373 2242 is
1391 2191 1468 2258 igitur
1485 2204 1574 2242 versus
1593 2190 1656 2241 nihil
1674 2189 1716 2241 de-

621 2287 758 2347 monstrat,
784 2298 861 2351 quum
880 2280 893 2334 ὁ
912 2285 970 2334 anto
992 2279 1023 2350 γλ
1046 2278 1152 2348 produci
1170 2275 1258 2329 soleat.
1277 2305 1310 2313 -
1332 2280 1381 2329 ποῦ
1402 2275 1430 2327 δὲ
1447 2275 1461 2328 d
1478 2276 1519 2328 rel
1536 2280 1586 2328 ποῦ
1605 2276 1631 2327 δ’
1651 2274 1715 2327 udi

621 2370 754 2434 Roiskius,
776 2368 874 2420 derisus
893 2382 909 2417 a
925 2364 1051 2427 Porsono,
1075 2363 1119 2431 qui
1137 2360 1230 2429 'l'oupii
1247 2360 1291 2424 (ad
1308 2361 1414 2414 Theocr.
1432 2361 1510 2424 XXI,
1533 2362 1574 2423 15)
1597 2361 1716 2413 emenda·

620 2459 715 2511 tionem
732 2457 782 2507 ποῦ
800 2450 824 2503 δ’
850 2446 906 2503 ἔσθ’
925 2447 939 2500 ὁ
957 2448 980 2502 d.
998 2448 1102 2517 probat3
1124 2449 1251 2513 receptam
1270 2461 1370 2514 quoque
1387 2447 1420 2499 ab
1438 2447 1592 2517 Hirschigio.
1611 2476 1646 2483 -
1664 2452 1714 2500 ποῦ

618 2540 667 2610 poia
685 2541 701 2592 i.
720 2555 742 2590 e.
761 2554 804 2605 μοι
822 2533 835 2586 ὁ
853 2532 967 2585 Diodori.
984 2534 1033 2584 ποῦ
1052 2529 1074 2582 δ’
1102 2528 1146 2582 οὖν
1164 2528 1178 2582 ὁ
1196 2530 1218 2585 δ.
1237 2531 1322 2583 Hotib.
1346 2549 1371 2600 p.
1392 2532 1449 2585 108.
1472 2538 1520 2587 ποῦ
1539 2537 1588 2587 ποῦ
1613 2533 1640 2585 δ’
1660 2533 1674 2585 ὁ
1691 2533 1714 2585 δ.

619 2627 736 2692 Lenting.
754 2626 803 2675 ποῦ
821 2621 882 2673 ’στὶν
901 2618 915 2672 ὁ
932 2619 954 2670 δ.
973 2619 1112 2671 Dobraeus.

586 2730 610 2766 r.
623 2712 682 2766 903.
717 2708 830 2776 Bdelycl.
848 2710 931 2759 totum
952 2703 1042 2757 tribuit
1059 2704 1090 2757 R.
1112 2706 1258 2773 praeposito
1276 2700 1325 2758 Ko.
1347 2706 1425 2769 (unde
1441 2706 1508 2758 inter
1529 2722 1655 2774 personas
1676 2725 1713 2761 re-

619 2801 707 2867 ceptus
719 2798 777 2859 est),
793 2794 908 2847 eidemv.
922 2792 973 2845 904
990 2791 1075 2859 vulgo.
1100 2791 1192 2845 Versui
1210 2791 1260 2845 905
1272 2794 1446 2861 praepositum
1462 2794 1489 2845 in
1501 2792 1566 2845 Van.
1585 2810 1637 2849 sec.
1650 2794 1712 2847 Gob.

618 2880 709 2956 ιιήρυξ,
732 2886 807 2948 atquo
831 2880 867 2931 ita
884 2878 959 2930 Kust.
977 2906 1011 2914 -
1028 2895 1069 2930 νιν.
1091 2882 1117 2929 et
1135 2873 1194 2930 Βδι.
1218 2895 1241 2931 r.
1265 2877 1328 2943 903;
1351 2897 1393 2931 κυ.
1411 2895 1434 2932 v.
1458 2876 1598 2933 9051unt.
1622 2899 1712 2953 και-ηρ.

549 3110 661 3183 σεσηρὼς
684 3107 727 3160 καὶ
750 3104 840 3175 γελῶν.
882 3102 933 3155 Sed
955 3102 1043 3155 dentes
1065 3117 1104 3154 re·
1155 3119 1263 3171 namque
1280 3119 1321 3156 res
1338 3105 1393 3156 eius
1410 3105 1437 3155 in
1454 3105 1580 3172 angustiis
1599 3110 1648 3169 est,
1666 3106 1711 3158 sed

548 3199 672 3264 stringere
693 3190 761 3261 apud
784 3191 894 3243 comicos
923 3192 967 3241 aut
988 3188 1103 3240 iracundi
1152 3190 1241 3253 σαίνει,
1268 3189 1350 3243 cauda
1373 3190 1498 3244 adulatur.
1535 3190 1612 3254 Quod
1633 3209 1709 3261 quam

547 3288 574 3336 et
589 3280 715 3335 mordacis
734 3281 778 3330 aut
794 3276 881 3329 edacis
898 3279 937 3329 est
954 3276 1033 3338 oanis,
1050 3290 1101 3327 non
1151 3276 1251 3344 egregie
1272 3277 1411 3329 instituerit
1435 3275 1566 3340 Comicus,
1596 3294 1648 3331 non
1672 3283 1710 3330 est

547 3369 615 3421 mitis
638 3370 713 3433 atque
741 3363 902 3416 blandientis.
942 3361 997 3425 Quo
1024 3375 1100 3413 sensu
1150 3361 1217 3429 quod
1243 3378 1368 3416 moneam.
1407 3360 1462 3415 Iam
1490 3361 1631 3431 Bdelyeleo
1656 3366 1710 3416 the-

546 3458 637 3522 poetae
655 3452 784 3519 sequiores
802 3449 880 3502 uerbo
903 3451 1020 3510 utuntur;
1047 3446 1099 3501 vid.
1148 3448 1274 3501 smotheta
1292 3448 1416 3517 loquitur:
1434 3450 1563 3520 autperto:
1588 3455 1616 3502 at
1633 3450 1709 3503 iudex

546 3540 578 3592 Η.
597 3539 684 3607 Steph.
697 3553 718 3589 s.
730 3553 754 3589 ν.
791 3536 884 3588 Noster
901 3533 960 3585 Pac.
974 3533 1025 3585 020
1036 3533 1101 3585 dixit
1151 3534 1267 3601 garrulus
1285 3550 1374 3588 canem
1386 3535 1548 3603 conspicatus
1560 3535 1648 3589 iacere
1659 3552 1710 3589 non

545 3624 742 3696 ἐξηρριιαμένους
760 3622 799 3675 ἐπ’
821 3620 951 3692 ἀλλήλοισι
968 3620 1012 3671 καὶ
1029 3637 1101 3691 σεση-
1151 3624 1248 3690 potest,
1270 3622 1331 3690 quin
1349 3621 1492 3674 accusatori
1509 3636 1611 3690 quoque
1634 3624 1709 3675 male

543 3710 627 3783 ρότας.
658 3709 751 3761 Contra
769 3708 815 3777 [iq.
830 3706 895 3759 1029
905 3722 942 3773 sq.
962 3707 1100 3778 φράζεο-
1151 3706 1226 3759 dicat.
1262 3707 1345 3760 Vocat
1366 3724 1423 3761 eum
1447 3707 1556 3760 altorum
1577 3707 1709 3774 Labetem,

542 3796 650 3848 ιιιίνα-
665 3795 670 3863 Ι
685 3794 713 3853 ὃς
734 3795 818 3866 ιιέριιῳ
841 3792 933 3845 σαίνων
953 3791 986 3856 α’,
1004 3790 1099 3844 ὁπόταν
1150 3793 1247 3846 scilicet
1275 3809 1326 3845 nou
1354 3795 1465 3848 melioris
1494 3793 1592 3846 farinae
1618 3796 1708 3859 virum,

543 3882 656 3955 δειπνῇς,
679 3881 802 3953 ἐπιτηρῶν
824 3879 828 3946 Ι
848 3876 955 3939 ἐξέδεταί
978 3895 1022 3929 σου
1043 3875 1100 3930 rod·
1149 3894 1226 3947 quam
1246 3895 1326 3932 reum.
1362 3880 1477 3933 Tandem
1499 3895 1557 3932 eum
1580 3881 1657 3934 silero
1679 3897 1708 3934 ao

544 3970 601 4042 ψον,
619 3966 680 4020 ὅταν
699 3966 729 4018 σι’)
746 3984 795 4018 που
814 3964 905 4017 ἄλλοσε
922 3965 1020 4037 χάσκῃς
1043 3964 1099 4017 κτλ.
1150 3964 1238 4018 sedero
1264 3966 1434 4019 thesmotheta
1455 3965 1539 4031 iubet3
1565 3966 1707 4021 Xanthiam

543 4056 585 4108 cui
609 4054 665 4107 loco
692 4057 778 4105 noster
802 4056 854 4104 tam
884 4050 987 4114 similis,
1016 4054 1044 4103 ut
1061 4067 1100 4104 re·
1149 4067 1214 4104 cero·
1227 4052 1365 4105 ascendere
1387 4057 1574 4106 accusaturum.
1611 4055 1708 4107 Nihilo·

542 4157 637 4211 ponere
669 4155 719 4192 non
745 4138 859 4190 dubitem
887 4135 1008 4210 σεσηνιίις,
1039 4137 1099 4189 licet
1149 4138 1231 4191 minus
1258 4153 1337 4191 senex
1366 4138 1448 4194 adhuc
1477 4139 1555 4191 rerba
1585 4141 1709 4193 nonnulla

542 4227 666 4295 exemplis
683 4225 804 4278 destituta
822 4224 911 4277 forma.
1148 4223 1264 4277 concedit
1285 4224 1428 4291 garrulitati
1454 4240 1515 4278 suae
1542 4243 1566 4279 r.
1591 4227 1651 4280 906.
1674 4256 1707 4263 -

593 4330 618 4367 v.
636 4312 694 4366 903.
730 4310 762 4364 αὖ
784 4309 824 4365 αὖ.
860 4310 948 4363 Prodit
969 4310 1097 4365 Xanthias
1147 4310 1264 4363 Ceterum
1274 4310 1426 4364 scholiastae
1434 4311 1543 4365 subsidii
1553 4312 1663 4366 aderunt
1671 4314 1707 4366 ni·

541 4418 600 4455 cum
618 4416 681 4453 eane
698 4402 853 4462 accusatore,
871 4396 1096 4465 Cydathenaeensi.
1147 4396 1190 4449 hil.
1208 4396 1245 4448 De
1261 4394 1292 4447 αὖ
1305 4394 1337 4447 αὖ
1349 4396 1413 4449 Ven.
1428 4404 1541 4465 μιμεῖται
1548 4399 1596 4471 τὴν
1608 4400 1705 4473 φωνήν.

540 4486 628 4554 Ipsum
646 4503 734 4539 canem
752 4501 820 4549 esse,
845 4485 888 4553 qui
905 4484 992 4548 latret,
1010 4485 1097 4537 monui
1147 4482 1237 4536 Nonne
1249 4498 1310 4551 ergo
1322 4482 1456 4549 legendum
1469 4487 1556 4538 statim
1569 4482 1706 4559 Αίιλάβηςί

541 4570 640 4639 Proleg.
665 4589 692 4641 p.
714 4572 755 4626 46.
791 4570 867 4625 Oanis
894 4585 952 4622 reus
978 4586 994 4621 a
1023 4571 1098 4623 Sosia
1199 4587 1222 4621 v.
1250 4570 1308 4623 904.
1355 4570 1487 4645 διαλείχειν
1522 4572 1568 4630 τὰς
1598 4572 1705 4646 χΰτραςι

543 4655 668 4713 adductus
697 4662 756 4712 ante
785 4675 809 4711 ν.
841 4657 905 4722 893,
933 4671 984 4709 non
1012 4657 1096 4722 latrat,
1148 4656 1261 4709 dicturus
1288 4663 1343 4712 erat
1368 4662 1414 4719 τὰς
1440 4661 1539 4737 πόλεις,
1566 4675 1595 4725 nt
1619 4672 1704 4742 lnquit
