4484 5467
548 603 606 667 1⁸28
927 600 1116 654 ruoiuoou.
1153 602 1266 658 cervi
1283 603 1318 658 lv

545 777 625 852 σθαι,
648 776 689 843 ὡς
710 773 920 860 Ἀριστοτέλης
944 774 975 838 ἐν
994 781 1035 856 τῇ
1055 773 1229 859 Ἀθηναίων
1252 775 1388 861 πολιτείᾳ
1410 778 1465 844 καλ
1488 778 1702 867 Φιλόχοροςὲν

542 894 587 972 τῳ
608 884 639 969 γ’
666 885 933 970 ὑποσημαίνουσινι
958 923 998 930 --
1022 891 1113 968 atque
1144 905 1181 946 ex
1210 906 1244 948 eo
1269 885 1394 949 l'lrotius
1423 895 1457 951 et
1480 888 1602 954 Suidas
1628 913 1652 956 e.
1671 913 1701 970 ν,

543 997 596 1061 ubi
625 997 695 1060 vide
719 996 844 1060 lius-teri
872 1001 975 1058 annot.
1020 995 1151 1080 Reliqua
1178 995 1271 1060 etiam
1300 996 1544 1064 dieasteriorum
1566 1003 1700 1088 supellex,

541 1110 575 1173 τθ
598 1111 816 1195 κληρωτήριον,
839 1110 858 1191 ἡ
883 1108 1046 1194 κλεψύδρα,
1069 1107 1131 1171 alia
1152 1107 1189 1171 de
1204 1109 1316 1193 quibus
1329 1130 1402 1174 mox
1417 1109 1577 1192 dicemus,
1600 1114 1704 1200 ibidem·

542 1222 636 1284 fuerit
657 1227 783 1305 oportet.
828 1219 891 1281 lam
908 1219 1008 1302 qualis
1022 1217 1116 1282 suerit
1137 1218 1196 1282 iste
1217 1218 1305 1305 lapis,
1328 1221 1417 1285 cuiue
1434 1243 1526 1288 nune
1540 1227 1698 1310 potentian

542 1353 625 1396 nuno
658 1331 789 1396 nitorem
822 1329 1013 1414 eloquentiae
1041 1330 1190 1414 hodieque
1219 1331 1409 1397 admiramur
1442 1341 1476 1399 et
1503 1336 1696 1404 veneramur?

540 1444 585 1508 lle
613 1443 675 1508 situ
705 1442 829 1527 quidem
853 1442 994 1507 Comicus
1022 1442 1088 1527 ipse
1116 1449 1221 1506 monet
1242 1443 1354 1508 Eoeles.
1376 1444 1441 1509 842·
1465 1447 1511 1511 ibi
1537 1448 1694 1532 Prexegou

540 1555 721 1620 mulieribus
744 1554 915 1618 convocatis
937 1553 1075 1618 nuntiat:

789 1666 941 1752 ἡκκλησία
964 1666 1004 1743 δ’,
1027 1668 1068 1737 είς
1089 1666 1126 1749 ἣν
1149 1669 1422 1754 παρεσκευάσμεθα

789 1780 870 1864 ἡμᾶς
893 1779 1032 1866 βαδίζειν,
1054 1780 1086 1852 ἐξ
1109 1779 1153 1842 ἕω
1176 1782 1341 1864 γενήσεται.

542 1890 599 1955 Cui
622 1890 747 1955 mulier:

747 2004 783 2085 νὴ
808 2003 857 2067 τὸν
880 1999 940 2083 Δί’,
963 2003 1041 2067 ὥστε
1064 1991 1112 2068 tet
1133 2028 1167 2068 ee
1189 2006 1367 2093 καταλαβεῖν
1389 2004 1483 2091 ἕδρας

747 2117 804 2178 ὑπὸ
827 2123 871 2201 τῳ
893 2115 970 2200 λίθῳ
992 2119 1051 2178 τῶν
1074 2119 1247 2201 πρυτάνεων
1271 2118 1457 2202 κατάντικρυ.

539 2227 585 2292 Ex
608 2247 667 2311 quo
689 2233 829 2312 apparet,
859 2228 892 2290 τὸ
917 2228 1003 2312 βῆμα
1025 2226 1160 2308 comitii,
1184 2226 1333 2309 proseeuii
1355 2226 1404 2290 vel
1426 2233 1483 2292 τοῦ
1507 2234 1632 2317 λογείου
1651 2236 1688 2300 in·

540 2348 619 2416 star,
648 2338 807 2402 audientes
829 2358 902 2422 prae
924 2359 956 2400 se
985 2338 1129 2403 habuisse
1152 2358 1271 2416 omnes3
1300 2337 1391 2420 idque
1419 2341 1572 2424 probetur
1593 2349 1688 2434 Pnyeis

541 2449 745 2534 descriptione
768 2448 850 2534 apud
872 2448 971 2512 leole
994 2450 1123 2535 Topogr.
1146 2449 1260 2513 Athen.
1283 2471 1313 2535 p.
1336 2450 1398 2515 378
1420 2473 1487 2536 sqq.

628 2561 720 2623 Porro
743 2560 815 2623 hine
837 2566 981 2644 prytanes
1002 2562 1036 2625 in
1059 2561 1160 2646 lepide
1176 2561 1346 2625 consedisse
1361 2561 1497 2645 colligas,
1521 2571 1559 2629 ut
1574 2565 1689 2630 eircum-

542 2673 694 2758 spicerent
720 2670 869 2755 populum
896 2673 1087 2758 καθήρενον;
1114 2673 1231 2758 priores
1258 2680 1362 2738 autem
1390 2674 1494 2757 sedes,
1522 2678 1559 2741 τὸ
1582 2681 1687 2764 πρῶτον

544 2784 648 2864 ξύλον,
671 2783 807 2868 proxime
830 2782 962 2867 lapidem
985 2786 1127 2866 luerunt,
1157 2786 1214 2849 ὑπὸ
1236 2792 1281 2871 τῷ
1303 2787 1396 2871 λίθῳ,
1425 2787 1459 2850 in
1482 2787 1562 2873 ipsis
1590 2786 1694 2876 lepidis·

542 2880 704 2973 radicibus,
727 2895 785 2958 sub
808 2895 882 2979 ipsis
904 2901 1070 2980 prytanum
1093 2896 1198 2961 oeulis.
1244 2898 1345 2974 Quum
1368 2904 1472 2962 autem
1495 2905 1527 2963 et
1549 2899 1585 2964 in
1601 2900 1688 2988 Pnyee

541 3014 572 3071 et
593 2989 798 3072 intribuuali
820 3007 1061 3091 frequentissimi
1088 3008 1152 3071 sint
1173 3015 1204 3072 et
1224 3010 1429 3094 potentissimi
1451 3019 1604 3091 oratores,
1630 3032 1688 3097 pro

540 3119 642 3184 verbio
664 3120 745 3184 ludit
766 3119 909 3183 Comicus
932 3119 1150 3203 Thesmophor.
1175 3121 1254 3184 528:

1047 3231 1104 3295 ὑπὸ
1127 3233 1205 3317 λίθῳ
1227 3233 1283 3318 γὰρ

900 3343 988 3408 παντί
1009 3366 1068 3406 που
1090 3346 1161 3430 χρή,

901 3456 942 3540 μὴ
968 3456 1044 3538 δάκῃ
1072 3456 1184 3542 ῥήτωρ,
1207 3457 1320 3542 ἀθρεῖν.

536 3569 582 3635 De
604 3588 665 3656 quo
687 3567 724 3633 ci.
747 3565 833 3631 Suid.
856 3588 880 3633 s.
898 3587 928 3629 v.
952 3566 1019 3631 ἀλλ’
1046 3567 1124 3631 ἅπαν
1148 3573 1179 3630 et
1202 3568 1258 3631 ὑπὸ
1282 3569 1377 3633 παντί.
1398 3569 1473 3633 Ath.
1489 3557 1558 3650 XV,
1584 3572 1644 3637 695
1665 3568 1688 3633 d

537 3681 630 3746 schol.
652 3680 717 3746 Nic.
739 3680 830 3745 Ther.
855 3677 893 3744 18
916 3701 946 3764 p.
970 3679 989 3741 6
1011 3678 1090 3742 Keil.
1124 3678 1269 3743 Fritzsch.
1292 3680 1415 3746 Thesm.
1438 3703 1467 3746 v.
1490 3681 1512 3747 l.

622 3793 704 3856 Xlll.
749 3792 784 3860 ln
813 3791 914 3876 lapide
943 3790 1038 3873 igitur
1066 3791 1156 3854 certis
1184 3792 1249 3856 suis
1272 3792 1344 3857 loeis
1366 3794 1460 3864 etiam
1487 3796 1528 3881 τὸ
1550 3804 1689 3886 κληρω-

536 3908 665 3991 τήριον
694 3911 724 3967 ot
753 3908 785 3967 οἱ
813 3904 990 3968 καδίσκοι
1018 3903 1144 3967 fuerunt
1172 3903 1223 3987 (de
1246 3902 1306 3968 alio
1327 3909 1387 3969 τῶν
1410 3907 1563 3995 καδίσκων
1589 3929 1690 3992 genere

536 4039 566 4081 r.
585 4014 713 4080 Lobeelr.
736 4015 805 4097 Agl.
821 4036 851 4099 p.
869 4014 933 4097 53).
957 4015 1149 4098 Quamquam
1171 4017 1205 4080 τὰ
1228 4019 1421 4103 κληρωτήρια
1442 4017 1477 4081 in
1494 4018 1702 4105 Ecclesiazus.¹

537 4130 596 4204 681
622 4126 769 4192 eburnis
797 4125 983 4208 iudiciariis,
1011 4133 1074 4197 τοῖς
1096 4118 1250 4199 καδίσκοις
1272 4129 1443 4214 l'esparum
1466 4130 1545 4211 321,
1575 4133 1690 4199 diverse

536 4241 629 4305 fuisse
656 4238 810 4305 ridentur.
853 4237 900 4302 lbi
928 4238 1011 4300 enim
1041 4236 1077 4301 de
1105 4244 1235 4323 utroque
1258 4241 1438 4305 oonoionum
1464 4262 1576 4325 genere
1600 4266 1690 4330 quum

536 4359 660 4436 agatur,
689 4350 838 4435 Blepyrus
861 4349 995 4431 quaerit:
1023 4350 1058 4413 τὰ
1087 4352 1120 4414 δὲ
1148 4356 1340 4439 κληρωτήρια
1368 4360 1425 4417 ποῖ
1449 4355 1584 4441 τρέψεις;
1614 4356 1690 4443 quod

536 4465 575 4527 ad
597 4474 763 4548 utrumque
784 4460 881 4547 possit
901 4460 1062 4545 pertinere.
1108 4460 1168 4525 Sed
1190 4464 1351 4549 respondet
1373 4467 1559 4549 Praxo-gera:
1582 4471 1626 4542 εἰς
1639 4472 1689 4556 τὴν

537 4580 647 4664 ἀγορὰν
671 4577 837 4661 καταθήσω
860 4571 935 4661 κᾷτα
959 4575 1097 4658 στήσασα
1119 4573 1192 4661 παρ’
1214 4576 1374 4663 Ἃρριοδίῳ
1396 4580 1547 4665 κληρώσω
1566 4585 1689 4652 udatus:
