4484 5467
533 634 578 688 llll
596 633 767 689 rvuloluvs
785 634 1043 695 ATHENIENSIVM
1060 637 1242 705 usssvsovu
1259 636 1490 695 IVDICIALIBVS
1574 624 1617 705 97

452 805 572 871 aetatis
594 805 629 869 in
651 806 774 872 iudiciis
796 808 961 894 sedissent,
990 811 1079 876 aliter
1106 811 1214 897 opinor
1235 809 1321 875 etin
1342 810 1527 876 contrariam
1547 832 1619 898 par·

447 923 522 983 'tem
545 916 686 983 Comicus
708 919 844 985 fabulam
864 921 1036 1007 Vesperum
1058 922 1286 1008 composuisset.
1331 921 1391 997 oui
1411 925 1484 987 vero
1504 923 1620 989 tuerint

451 1030 523 1095 fuci
544 1029 602 1113 illi,
625 1036 769 1117 κηφῆνες,
791 1052 866 1116 quos
888 1033 1033 1099 incusant
1060 1034 1222 1099 choreutae
1249 1036 1440 1120 ριλήλιασταὶ
1465 1056 1495 1099 ν.
1519 1037 1618 1099 1114:

613 1143 691 1208 ἀλλὰ
712 1144 769 1230 γὰρ
791 1149 925 1230 κηφῆνες
946 1147 1021 1231 ἡμῖν
1044 1147 1116 1211 εἰσιν
1141 1147 1356 1232 ἐγκαθήμενοι,

514 1317 518 1323 ,
615 1256 672 1322 οὐκ
695 1253 819 1343 ἔχοντες
840 1257 979 1344 κέντρον·
1003 1259 1031 1322 οἳ
1055 1258 1195 1345 μένοντες
1216 1261 1307 1344 ήμῶν
1329 1260 1384 1322 τοῦ
1407 1257 1504 1345 φόρου

611 1367 662 1432 τὸν
685 1365 775 1451 γόνον
798 1369 1009 1434 κατεσθίουσιν
1033 1368 1070 1433 οὐ
1092 1367 1400 1456 ταλαιπωροόμενοιῖ

460 1478 595 1561 θυινθυε,
617 1485 654 1544 ut
668 1476 832 1543 scholiasta
846 1479 954 1563 voluit,
978 1487 1119 1560 oratores,
1143 1484 1172 1546 οί
1186 1483 1235 1547 ἐπὶ
1250 1485 1305 1546 τοῦ
1322 1483 1458 1570 βήματος
1477 1477 1620 1566 ρήτορεςθ

458 1592 515 1673 At,
539 1612 616 1654 num
631 1590 685 1655 hos
708 1592 935 1679 ἀστρατεύτους,
959 1593 1111 1680 μένοντας,
1136 1594 1172 1659 οὐ
1187 1593 1495 1681 ταλαιπωρουμένους
1516 1592 1621 1679 appel·

459 1702 528 1766 lare
549 1702 662 1787 possis,
691 1701 807 1766 dubito.
850 1704 902 1767 An
926 1706 954 1768 ot
977 1709 1158 1793 συνήγοροι,
1181 1705 1236 1791 qui
1258 1704 1436 1769 drachmam
1458 1703 1621 1788 accipiunt,

457 1796 583 1877 etiarnsi
612 1812 651 1877 ad
678 1814 786 1877 horam
813 1833 876 1878 non
898 1814 1001 1880 adsint
1028 1815 1071 1900 (V
1072 1836 1135 1902 esp.
1159 1816 1254 1901 691),
1282 1816 1394 1899 quibus
1416 1814 1622 1881 describendis

459 1922 624 2009 Bdelycleo
638 1930 758 2009 patrem
773 1946 905 2010 cumque
927 1931 1013 2010 patre
1032 1926 1158 1991 chorum
1180 1928 1265 1992 omni
1286 1927 1408 1993 fastidio
1429 1924 1535 1991 exuit?
1570 1926 1621 1989 An

458 2036 597 2102 iuniores
619 2034 666 2099 illi
688 2036 915 2102 modo‘iudices
938 2038 1023 2119 lacti,
1047 2058 1179 2122 quorum
1200 2038 1340 2104 studium
1360 2045 1452 2123 atque
1474 2038 1623 2103 acerbitas

458 2146 599 2212 nondum
621 2153 814 2239 exarserunt,
845 2167 976 2231 quorum
997 2148 1121 2213 aculeus
1144 2149 1281 2213 nondum
1302 2150 1442 2236 pupugit,
1465 2168 1541 2232 quos
1562 2149 1623 2212 for·

462 2263 545 2322 tasse
569 2262 599 2320 et
620 2256 806 2323 iudiciorum
826 2263 858 2322 et
878 2258 1000 2323 trioboli
1022 2259 1133 2340 taedet,
1156 2260 1211 2343 qui
1232 2262 1423 2348 torpuissent
1444 2259 1466 2323 i.
1482 2280 1509 2323 e.
1530 2258 1624 2324 silen-

416 2444 420 2447 ,
460 2369 507 2442 tio
530 2368 699 2434 assidentes
713 2368 880 2434 triobolum
893 2368 1070 2434 merentur?
1103 2370 1155 2433 An
1177 2369 1309 2456 denique
1323 2370 1451 2436 iuvenes
1466 2369 1514 2436 illi
1527 2390 1625 2454 paene

460 2479 633 2560 imberbes,
664 2499 769 2546 recens
797 2479 989 2545 ecclesiastae
1011 2481 1099 2560 facti,
1128 2482 1245 2547 domini
1265 2481 1425 2548 iudicum?
1455 2481 1626 2567 dequibus

460 2592 758 2657 Philemonem:
782 2595 859 2659 ἀλλὰ
884 2598 1042 2681 μαχοῦμαι
1065 2597 1133 2681 περὶ
1153 2600 1208 2659 τοῦ
1223 2596 1364 2682 πλήθους
1381 2596 1438 2672 ἀεί,
1459 2593 1512 2659 cui
1525 2592 1625 2657 filius:

463 2705 499 2770 cb
524 2707 593 2792 γάρ,
618 2705 643 2768 ὦ
666 2708 768 2793 πάτερ,
792 2705 904 2776 αὐτοὺς
927 2706 1029 2793 ἄρχειν
1053 2708 1133 2793 αἱρεῖ
1154 2711 1278 2772 σαυτοῦ.
1314 2706 1439 2771 Etenim
1452 2706 1486 2770 hi
1507 2725 1628 2790 quoque

461 2815 603 2881 mercede
626 2816 893 2895 concionabantur,
916 2821 947 2880 et
968 2815 1090 2900 quando
1113 2816 1239 2883 comitia
1253 2823 1351 2900 erant,
1371 2823 1438 2881 erat
1459 2816 1627 2881 iustitium.

461 2927 627 3014 Equidem,
650 2927 727 3013 quid
749 2934 943 3013 anteponam,
967 2926 1080 2992 dubius
1097 2927 1222 3007 haere03
1244 2929 1326 3012 quod
1340 2935 1513 2993 extremum
1527 2927 1625 3012 posui,

461 3040 496 3104 id
518 3039 651 3104 libenter
672 3039 857 3125 acciperem,
890 3038 953 3104 nisi
975 3038 1096 3104 eosdem
1124 3043 1156 3103 et
1176 3038 1371 3103 comitiorum
1391 3045 1422 3104 et
1442 3038 1629 3103 iudiciorum

464 3152 641 3240 participes,
663 3151 685 3215 i.
700 3172 726 3215 e.
749 3171 855 3217 omnes
875 3150 993 3216 iudices
1016 3150 1111 3216 etiam
1132 3148 1331 3229 ecclesiastes,
1353 3170 1424 3216 suos
1446 3149 1506 3214 sibi
1528 3149 1628 3214 domi-

465 3285 522 3330 nos
545 3264 650 3347 fuisse,
670 3283 728 3348 per
749 3284 782 3327 se
803 3269 1042 3329 consentaneum
1064 3266 1152 3327 esset.

553 3376 607 3441 IV.
650 3375 743 3440 Porro
758 3398 918 3461 pauperes
939 3379 1013 3440 sunt
1039 3372 1173 3451 iudices,
1201 3374 1348 3461 φράτορες
1369 3372 1423 3437 isti
1444 3372 1625 3462 τριωβόλου,

465 3487 641 3575 pedissequi
668 3492 699 3552 et
726 3486 863 3557 dediticii
891 3486 1027 3566 Cleonis,
1054 3484 1223 3573 κηδεμόνος
1250 3485 1316 3550 sui:
1351 3485 1441 3549 cuius
1471 3484 1559 3549 iussu
1589 3483 1629 3548 ad

465 3600 639 3666 tribunalia
660 3604 855 3678 concurrunt,
878 3598 998 3677 divites,
1019 3598 1214 3683 potentiores,
1242 3596 1362 3661 beatius
1384 3597 1510 3660 omnino
1532 3596 1632 3661 homi·

471 3734 551 3777 num
575 3733 672 3795 genus
693 3711 851 3798 punituri,
879 3710 970 3815 Vesp.
994 3710 1057 3775 240
1078 3729 1145 3793 sqq.
1167 3707 1308 3773 Triobolo
1335 3708 1453 3774 rn'ctum
1479 3708 1633 3792 quotidia-

470 3847 549 3891 num
570 3824 632 3889 sibi
653 3824 778 3909 suisque
799 3826 918 3909 parant,
940 3822 1032 3906 Vesp.
1055 3822 1133 3886 300:

541 3914 544 3917 .
625 3938 685 4002 ἀπὸ
708 3937 765 4023 γὰρ
787 3935 877 4000 τοῦδέ
901 3958 939 4020 με
961 3938 1016 3998 τοῦ
1041 3934 1204 4019 μισθαρίου

627 4049 724 4136 τρίτον
748 4046 839 4112 αὐτὸν
865 4045 945 4132 ἔχειν
969 4045 1077 4131 ἄλφιτα
1100 4046 1217 4109 δεῖκαὶ
1240 4044 1314 4117 etta
1335 4044 1456 4130 κῶψονι

469 4183 569 4249 quam
599 4159 770 4225 mercedem
797 4164 833 4223 ut
855 4158 1022 4243 accipiant,
1053 4157 1245 4243 ριλήλιοισταλ
1272 4161 1422 4237 coguntur
1444 4174 1519 4219 esse.
1559 4152 1634 4237 Ἄγε

467 4283 535 4354 νῦν,
561 4275 587 4337 ὦ
609 4276 712 4359 ποίτερ,
734 4271 847 4337 filiolus
870 4270 923 4348 sit,
945 4271 994 4355 ήν,
1007 4272 1049 4355 μὴ

629 4385 663 4449 τὸ
686 4387 877 4471 δικαστήριον
902 4383 1007 4469 ἅρχων

630 4496 744 4581 καθίσή
768 4501 831 4573 νῦν,
854 4495 946 4560 τ’τόθεν
972 4492 1147 4580 ὠνησόμεθ’
1174 4492 1310 4580 ἄριστον,
