4484 5467
951 622 995 703 nn
1013 649 1125 704 cuono
1143 650 1328 707 morsuve
1657 655 1697 731 65

537 818 576 883 Id
600 817 682 903 quod
704 819 798 884 etiam
818 819 910 883 schol.
933 820 1023 906 Vesp.
1036 822 1100 886 230
1121 824 1294 888 annotavit:
1318 826 1410 889 cited
1432 830 1531 911 χοροῦ
1554 827 1699 910 ἀλλήλοις

538 931 771 1018 ἐγκελευόμενοι
792 933 846 1016 τὴν
870 924 1002 1018 πάροδον
1031 940 1197 1001 ποιοῦνται.
1235 935 1346 1000 Restat
1371 935 1467 1019 igitur
1491 957 1556 1001 una
1583 938 1698 1022 Vespa-

537 1064 613 1108 rum
634 1044 782 1129 parodus,
811 1065 888 1129 quae
916 1044 993 1129 quin
1020 1046 1058 1109 ab
1081 1048 1223 1111 omnibus
1244 1047 1396 1138 choreutis
1418 1068 1483 1112 una
1502 1049 1545 1113 sit
1565 1056 1697 1131 cantata,

538 1155 686 1241 equidem
696 1156 802 1221 nullus
813 1156 928 1235 dubito,
951 1177 1044 1241 quam
1064 1163 1170 1223 tamen
1185 1160 1220 1223 G.
1235 1159 1433 1225 Hermannus
1454 1180 1474 1223 a
1495 1160 1607 1243 viginti
1627 1160 1698 1226 cho—

539 1268 639 1332 reutis
667 1268 712 1331 ita
738 1273 893 1333 cantatam
922 1289 987 1333 esse
1017 1270 1190 1349 contendit,
1211 1276 1249 1336 ut
1269 1272 1386 1355 singuli
1406 1292 1494 1337 suam
1515 1271 1699 1356 particulam

539 1380 751 1460 cantaverint;
779 1380 800 1444 i.
829 1401 854 1443 e.
883 1380 1033 1466 paredum
1058 1381 1160 1466 ipsam
1188 1403 1242 1447 sex
1263 1382 1416 1469 deinceps,
1437 1383 1557 1466 reliqua
1577 1383 1698 1467 reliqui.

539 1491 594 1555 Sic
615 1491 761 1556 choreuta
781 1499 906 1557 octavus
928 1494 990 1572 bis,
1019 1498 1147 1577 quartus
1175 1494 1237 1572 bis,
1259 1495 1424 1560 vicesimus
1445 1495 1523 1560 alter
1545 1495 1591 1559 bis
1612 1495 1698 1559 iube-

538 1612 595 1668 tur
615 1623 723 1669 rocem
743 1604 897 1684 emittere3
919 1604 1018 1669 sicin
1040 1605 1237 1689 sequentibus
1259 1626 1278 1669 a
1305 1628 1335 1672 v.
1350 1607 1413 1672 339
1434 1627 1486 1671 sex
1500 1607 1615 1691 priores
1629 1606 1699 1672 cho·
1743 1681 1746 1687 ,

539 1721 648 1780 reutao
669 1716 745 1780 item
766 1716 828 1799 bis,
851 1737 948 1801 quum
969 1718 1072 1802 pueris
1095 1717 1230 1783 dimissis
1251 1718 1363 1800 viginti
1383 1718 1507 1783 relictae
1528 1720 1600 1783 sint
1633 1719 1700 1785 Iam

541 1848 616 1893 vero
638 1848 736 1911 quum
756 1831 873 1893 factum
894 1850 958 1894 esse
980 1828 1067 1893 nulla
1087 1830 1206 1895 ratione
1227 1830 1331 1915 possit,
1353 1835 1390 1894 ut
1411 1830 1520 1896 chorus
1539 1819 1596 1895 tali
1610 1830 1699 1896 modo

542 1940 789 2019 deprimeretur,
824 1946 891 2005 tota
919 1941 1090 2006 Hermanni
1123 1941 1290 2027 disputatio
1323 1941 1412 2007 irrita
1444 1942 1535 2007 cadit.
1591 1944 1699 2027 Neque

542 2052 670 2117 omnino
696 2053 773 2117 satis
795 2073 905 2117 causae
927 2073 993 2117 esse
1014 2054 1146 2139 reperio,
1175 2076 1229 2118 cur
1251 2052 1387 2136 singulos
1413 2054 1572 2119 choreutas
1593 2055 1700 2138 singu·

546 2162 591 2236 las
608 2164 718 2251 paredi
740 2171 842 2250 partes
864 2166 1011 2230 cecinisse
1032 2166 1106 2243 sive,
1129 2172 1167 2230 ut
1188 2165 1385 2230 Hermannus
1408 2166 1535 2244 mavult,
1558 2166 1699 2231 recitasse

545 2276 713 2342 credamus.
756 2276 868 2360 Finges
889 2298 1001 2362 quaeso
1022 2278 1158 2357 chorum,
1180 2278 1256 2343 dum
1282 2278 1379 2342 intrat
1404 2276 1573 2362 circuitque
1593 2277 1699 2342 statio·

520 2447 522 2453 .
542 2410 616 2454 nem
638 2409 711 2453 mox
732 2389 921 2475 capiendam,
943 2390 1037 2454 unius
1052 2382 1213 2454 choreutae
1227 2410 1299 2455 voce
1313 2389 1433 2455 aditum
1447 2410 1539 2454 suum
1553 2390 1698 2454 indicare.

541 2500 627 2565 Num
660 2502 775 2586 poteris
807 2503 865 2567 tibi
897 2504 1026 2585 fingere,
1062 2502 1213 2567 eiusmodi
1245 2502 1370 2567 chorum
1401 2502 1530 2585 triginta
1561 2502 1700 2566 millibus

541 2612 783 2677 Atheniensium
804 2615 898 2679 fuisse
920 2612 1099 2699 acceptum?
1141 2616 1192 2678 An
1215 2634 1276 2679 non
1296 2613 1399 2700 potius
1426 2633 1477 2679 eos
1497 2619 1618 2678 tantam
1639 2614 1699 2677 mi-

541 2725 657 2790 seriam
684 2726 825 2811 protinus
853 2727 1017 2812 explosisse
1043 2746 1224 2812 persuasum
1250 2724 1364 2790 habes?
1404 2724 1556 2816 Equidem
1583 2725 1699 2801 hercle;

541 2858 644 2923 neque
671 2858 721 2902 me
749 2846 874 2904 movent
900 2840 1017 2923 aliquot
1044 2838 1185 2916 nomina,
1214 2858 1293 2922 quae
1320 2838 1347 2903 si
1374 2838 1587 2903 choreutarum
1616 2843 1698 2916 sunt,

540 2953 561 3015 i.
584 2971 612 3014 e.
636 2951 716 3028 ficta,
739 2956 843 3015 tamen
865 2952 904 3015 ab
927 2953 1070 3017 omnibus
1091 2950 1333 3035 pronunciantur
1353 2970 1416 3014 uno
1438 2968 1503 3028 ore,
1524 2949 1570 3013 ita
1588 2956 1626 3013 ut
1648 2949 1700 3015 Co

539 3064 627 3127 mies-
644 3062 713 3141 iste,
736 3063 949 3146 Strymodorus
970 3070 1027 3128 etc.
1054 3084 1087 3128 se
1107 3063 1211 3148 ipsum
1232 3061 1386 3146 impellat;
1411 3062 1462 3125 sin
1487 3065 1701 3144 spectatorum,

538 3197 575 3239 co
597 3174 711 3238 melius
734 3195 753 3238 a
774 3175 940 3256 choreutis,
969 3176 1080 3261 quibus
1102 3196 1173 3240 cum
1194 3174 1414 3259 spectatoribus
1440 3172 1515 3237 satis
1541 3173 1702 3259 perspicua

537 3286 713 3351 similitudo
745 3287 932 3352 intercedere
959 3288 1063 3366 debet,
1090 3308 1155 3352 una
1181 3308 1253 3350 cum
1279 3285 1406 3370 reliquis
1427 3291 1590 3349 canuntur.
1632 3285 1700 3350 Pri-

537 3421 631 3464 mum
653 3405 757 3463 autem
786 3400 868 3463 chori
891 3401 1051 3465 introitum
1080 3401 1118 3465 ab
1146 3399 1288 3464 omnibus
1314 3397 1466 3462 choreutis
1495 3419 1557 3462 uno
1578 3419 1629 3462 ore
1651 3398 1701 3463 in-

538 3512 680 3577 dicatum
708 3533 774 3576 esse
808 3533 929 3596 unoque
964 3518 1056 3577 cantu
1085 3512 1285 3589 celebratum,
1310 3516 1345 3575 et
1365 3531 1419 3595 per
1439 3531 1473 3575 se
1494 3499 1701 3576 certissimum

538 3633 589 3689 est
609 3625 863 3688 ecconfirmatur
884 3624 1127 3688 luculentissime
1148 3624 1260 3709 parodo
1282 3622 1364 3687 chori
1385 3621 1510 3686 Avium.
1547 3623 1607 3699 Qui
1628 3624 1699 3693 cho

538 3760 610 3815 rus,
641 3742 713 3800 ante
741 3756 834 3820 quam
863 3737 955 3800 verba
982 3738 1069 3815 facit,
1099 3736 1204 3800 avium
1231 3736 1330 3800 instar
1350 3733 1484 3800 multum
1505 3734 1570 3822 edit
1588 3736 1699 3821 strepi,

537 3858 621 3931 tum,
643 3869 673 3913 v.
697 3848 774 3912 307:

752 3961 802 4026 oie
823 3962 999 4035 πιππίζουσι
1021 3962 1071 4025 καὶ
1091 3959 1233 4046 τρέχουσι
1256 3957 1490 4045 διακεκραγότες.

540 4075 588 4141 At
612 4072 779 4158 quinquies
801 4078 924 4137 tantum
946 4072 996 4136 vel
1017 4071 1120 4157 paullo
1141 4071 1212 4156 plus
1234 4069 1419 4135 versiculum
1441 4071 1638 4156 pronunciat3
1665 4090 1703 4135 ex

539 4188 688 4273 quinque·
696 4183 792 4267 igitur
803 4185 970 4263 versiculis,
982 4184 1082 4268 iisque
1098 4190 1236 4248 actorum
1251 4203 1388 4246 sermone
1400 4182 1571 4258 disiunctis
1586 4182 1704 4246 Avium

540 4303 665 4365 constat
685 4295 828 4382 parodus.
873 4297 955 4362 Num
978 4297 1047 4381 quis
1068 4297 1165 4379 igitur
1179 4300 1276 4380 putet,
1297 4294 1435 4376 singulos
1454 4296 1613 4360 choreutas
1634 4314 1702 4377 pro-

541 4411 705 4477 nuntiasse
727 4430 771 4488 ea,
796 4428 874 4493 quae
896 4409 979 4473 chori
1002 4415 1075 4472 sunt
1095 4408 1207 4485 totius,
1236 4406 1380 4490 adspectu
1409 4408 1570 4472 hominum
1598 4406 1703 4469 admo·

541 4526 620 4591 dum
642 4520 818 4609 perterriti?
839 4522 922 4585 chori
944 4521 1124 4605 praesertim
1145 4519 1262 4583 Avium
1283 4519 1480 4597 timidarum,
1503 4539 1579 4602 quas
1602 4518 1703 4582 Comi·

541 4658 598 4703 cus
630 4635 775 4700 movibus
803 4635 871 4699 istis
906 4633 1135 4717 quaestionibus
1168 4639 1235 4696 tam
1266 4633 1379 4696 eximie
1402 4629 1573 4716 depinxit?
1621 4628 1703 4694 illud

1195 4748 1197 4751 ·
1480 4734 1497 4787 5
