4484 5467
1038 628 1238 691 ΣΦΗΚΕΣ

717 806 934 893 κωμῳδεῖσθαι
955 805 1073 893 παιδίχ’
1097 806 1208 869 ἑαυτοῦ
1233 810 1330 888 μισῶν
1361 804 1491 873 ἔσπευδε
1518 808 1595 895 πρδς
1622 804 1727 882 αὐτόν,

716 918 814 983 οὐδενὶ
835 918 958 984 πώποτέ
980 943 1053 1004 φησι
1075 916 1236 993 πιθέσθαι,
1260 920 1382 1004 γνώμην
1404 916 1460 983 τιν’
1486 917 1570 1006 έχων
1594 920 1724 1003 ἐπιεικῆ·

712 1030 759 1096 ίνα
780 1029 832 1100 τὰς
854 1028 982 1101 Μούσας
1010 1031 1088 1094 αἷσιν
1117 1033 1228 1115 χρῆται
1260 1031 1302 1114 μὴ
1334 1030 1536 1118 προαγωγοὺς
1564 1034 1724 1118 ἀποφήνῃ,

715 1141 781 1208 οόδ’
806 1141 856 1206 dre
878 1140 997 1229 πρῶτόν
1018 1140 1051 1227 γ’
1075 1140 1150 1228 ἦρξε
1179 1143 1345 1220 διδάσκειν,
1368 1143 1541 1229 ἀνθρώποις
1562 1142 1636 1229 μηδ’
1662 1145 1723 1208 ἐπι-

1387 1254 1509 1333 θέσθαι,

626 1517 719 1586 πικρῶν
732 1512 843 1565 Brunok.
856 1510 914 1565 ooli.
926 1509 987 1564 Pac.
1004 1509 1055 1564 762
1078 1508 1134 1563 oon
1150 1510 1306 1583 παλαίστρας
1322 1517 1476 1585 πιρινυσιῶν
1493 1511 1589 1572 παῖδας
1606 1512 1719 1586 ἐπείρων,

627 1612 710 1665 rooep.
725 1595 800 1648 Dind.
819 1594 897 1648 Beki.
916 1594 1015 1648 Hirsoh.
1034 1594 1127 1663 Bergk.
1153 1596 1251 1669 παριὼν
1270 1601 1295 1651 et
1311 1598 1413 1667 πσριιδνν
1432 1599 1504 1654 Poro.

594 1723 618 1762 ν.
633 1708 707 1762 1026.
743 1705 846 1760 ἐσπιυδι
863 1705 948 1774 vulgo.
975 1704 1077 1759 dortour
1095 1705 1127 1757 R.
1146 1705 1176 1758 V.
1195 1702 1222 1761 Γ.
1240 1707 1315 1763 Dind.
1333 1710 1361 1762 in
1378 1710 1436 1765 Por.
1455 1710 1558 1765 Hirscb.
1594 1712 1644 1765 Pro
1662 1712 1718 1765 ἐαυ·

624 1799 670 1847 τοῦ
684 1822 716 1832 -
729 1793 818 1847 ἑαυτὸν
836 1793 915 1848 Dobr.
932 1794 949 1847 i.
968 1809 990 1846 e.
1008 1789 1189 1865 κωμῳδεῖσθαι
1207 1792 1244 1852 ὥς
1261 1793 1372 1848 παιδικά.
1714 1817 1719 1826 ·

662 1882 825 1957 κωμῳδεῖται
842 1882 910 1937 Soal.

588 2006 612 2041 v.
627 1989 701 2042 1027.
736 1984 873 2041 πιΰθισθαι
891 1988 922 2041 R.
947 1983 1077 2041 πείθεσθαι
1096 1988 1127 2042 V.
1145 2003 1196 2044 seo.
1215 1987 1277 2041 Gob.
1295 1989 1381 2058 vulgo.
1415 1985 1533 2043 πιθέσθαι
1551 1988 1582 2043 Β.
1601 1988 1629 2042 0.
1648 1985 1676 2043 Γ.
1687 1987 1715 2043 Δ.

625 2075 734 2129 Brunok.
753 2075 840 2127 Reisk.
858 2074 930 2128 Pors.
948 2074 1046 2143 reliqui.
1074 2073 1136 2147 prpo’
1152 2071 1281 2128 ἐπιθέσθαι
1298 2076 1382 2128 Bentl.
1395 2104 1429 2116 ·-
1440 2076 1539 2129 Deinde
1555 2072 1715 2130 πιθέσθαι-

624 2162 689 2235 έχιιν
707 2161 794 2215 Reisk.
813 2161 923 2226 „nomini
941 2161 1130 2214 obsecundasse
1147 2161 1256 2214 habere“
1276 2163 1303 2227 (i.
1321 2178 1344 2218 e.
1363 2166 1391 2216 ut
1408 2164 1533 2228 haberet).

587 2283 610 2320 v.
625 2265 698 2319 1029.
732 2271 833 2338 πρῶτον
865 2264 924 2339 ἦρξε
948 2263 979 2318 R.
1006 2265 1064 2319 Ald.
1086 2266 1153 2319 lunt.
1197 2266 1302 2338 πρῶτόν
1325 2267 1353 2338 γ’
1379 2271 1439 2337 post
1464 2268 1606 2322 Kusterum
1632 2268 1715 2338 uulgo.

622 2357 724 2426 πρῶτον
748 2349 788 2405 ὅδ’
806 2354 965 2422 proponebat
988 2351 1093 2405 Person.
1111 2350 1213 2424 πρῶτόν
1232 2371 1307 2426 φησιν
1324 2354 1356 2407 V.
1378 2383 1412 2391 -
1438 2350 1582 2427 ἀνθρώποις
1601 2356 1663 2429 φησὶ
1678 2374 1716 2408 πι·

621 2435 709 2492 θέσθαι
727 2439 757 2491 R.
775 2440 828 2494 Inr.
853 2439 914 2514 μήθ
942 2435 1071 2493 ἐπιθέσθαι
1088 2438 1120 2492 V.
1138 2438 1223 2507 vulgo.
1241 2439 1334 2509 Bergk.
1356 2440 1412 2494 Rel.
1436 2439 1464 2492 0.
1482 2457 1508 2509 p.
1526 2440 1586 2493 322.
1617 2438 1716 2515 δνθρω

622 2526 719 2583 πίσκοις
736 2521 864 2578 ἐπιθέσθαι
882 2524 998 2589 Conzius,
1015 2520 1091 2576 Both.
1110 2528 1136 2577 et
1147 2528 1269 2593 tanquam
1288 2515 1378 2579 norain
1397 2526 1569 2579 coniecturam
1589 2526 1715 2595 Hirsohig.

623 2639 657 2647 -
675 2610 797 2663 νοίννοισίν
821 2609 881 2684 φησ’
902 2611 1042 2664 conabatur
1059 2610 1212 2664 Winokelm.
1230 2612 1352 2665 Zeitsohr.
1378 2613 1396 2665 ί.
1419 2613 1450 2665 Α.
1473 2629 1496 2665 o.
1521 2611 1588 2665 1842
1609 2629 1635 2681 p.
1658 2611 1715 2666 293.

621 2696 713 2749 Totum
735 2712 835 2750 versum
858 2698 973 2766 spurium
997 2712 1057 2768 esse¹
1077 2697 1198 2750 iudicarit
1220 2696 1448 2753 οο6.11οοαι.-
1471 2699 1512 2751 Αιι
1533 2704 1587 2757 τοῖς
1605 2697 1715 2756 ἰδιώταις

620 2777 749 2835 ἐπιθέσθαι
766 2798 798 2836 ex
815 2783 874 2837 Pac.
893 2782 961 2836 751?
1063 2774 1065 2777 ¹

552 3006 596 3059 καὶ
622 3013 675 3065 τοῖς
701 3007 783 3060 παισὶν
810 3005 901 3060 ἑαυτὸν
929 3005 1006 3078 δῆλον
1028 3012 1108 3059 ποιῶν
1158 3006 1277 3077 ἐβάδιζεν.
1304 3009 1337 3062 of.
1355 3009 1448 3063 Athen.
1465 3009 1506 3074 X,
1528 3006 1580 3061 433
1598 3026 1622 3063 a.
1649 3008 1713 3063 Piat.

551 3097 598 3163 τῆς
617 3093 689 3165 νίκης
707 3093 789 3146 ἕνεκα.
825 3094 944 3147 Fortasse
961 3093 1041 3162 ipsius
1059 3092 1109 3144 Eu·
1158 3095 1262 3149 Theaet.
1280 3111 1306 3163 ρ.
1324 3096 1373 3149 150
1385 3113 1408 3150 a.
1420 3095 1494 3150 Xeo.
1512 3095 1602 3164 Symp.
1620 3096 1650 3159 4,
1674 3095 1713 3149 61.

552 3178 644 3247 polidis
663 3194 751 3231 sersus
770 3178 850 3231 latent
868 3180 893 3231 iu
905 3179 954 3233 his.
982 3178 1019 3231 of.
1032 3179 1107 3232 Mein.
1157 3181 1238 3234 Morte
1246 3181 1604 3254 ιουΙιοθοοιιιὴπροαγωγιία.
1621 3181 1713 3241 Aeseh.

548 3265 576 3319 (¹.
600 3265 612 3317 I
636 3280 662 3333 p.
682 3266 740 3318 111.
764 3264 820 3317 117.
847 3264 871 3317 Π
893 3281 919 3333 p.
937 3265 999 3329 445,
1027 3268 1052 3316 et
1074 3263 1106 3316 ad
1158 3266 1214 3317 adv.
1239 3266 1366 3321 Timarch.
1395 3283 1421 3335 p.
1443 3267 1486 3320 40.
1515 3267 1633 3321 Sohoem.
1659 3269 1712 3320 Att.

547 3367 587 3419 sq.
606 3368 630 3404 v.
649 3352 682 3402 M.
702 3350 729 3402 C.
748 3350 773 3404 11
790 3366 815 3418 p.
829 3350 888 3403 561.
925 3350 1042 3403 Ceterum
1054 3350 1107 3402 Au·
1156 3352 1229 3405 Proo.
1251 3370 1277 3422 p.
1296 3352 1346 3405 332
1356 3369 1394 3422 sq.
1417 3382 1451 3391 -
1474 3354 1516 3406 Ad
1538 3354 1662 3428 ἀποφήνῃ
1679 3355 1711 3407 οἱ

545 3436 658 3503 tolyoum
680 3437 772 3504 respici
801 3453 852 3490 nou
879 3452 966 3504 posse,
993 3436 1109 3489 ostendit
1154 3438 1277 3492 Fritzseh.
1295 3439 1368 3493 Daet.
1387 3457 1412 3508 p.
1432 3438 1489 3494 113.

545 3522 697 3586 Meineirius,
715 3525 783 3574 certe
802 3522 906 3575 aiterum
925 3522 1038 3574 tabulam
1055 3523 1104 3576 hoo
1207 3540 1230 3575 v.
1251 3524 1326 3579 1029.
1361 3525 1464 3598 πρῶτόν
1489 3524 1516 3594 γ’
1539 3523 1608 3596 ἦρξε.
1641 3526 1712 3591 Quod

545 3608 646 3659 nomine
672 3607 751 3661 altero
774 3612 833 3676 post
857 3608 953 3676 Vespos
978 3623 1044 3661 anno
1063 3608 1101 3663 Ol.
1153 3608 1271 3663 Comicus
1297 3626 1344 3665 suo
1371 3612 1476 3663 nomine
1497 3610 1619 3679 Equitum
1643 3613 1713 3665 iabu-

544 3692 585 3757 88,
603 3692 621 3744 4
638 3691 747 3748 doctam.
1152 3696 1203 3748 lam
1227 3695 1342 3749 docuerit
1365 3698 1487 3765 primam,
1511 3698 1578 3750 hano
1601 3714 1661 3751 eum
1676 3699 1713 3751 in·

596 3778 714 3833 ι.1028.
754 3780 929 3853 προαγωγοδςι
957 3796 988 3834 ne
1014 3781 1100 3835 Musas
1154 3781 1235 3849 teiligi
1252 3781 1324 3845 veile,
1342 3786 1368 3834 et
1386 3782 1583 3836 scholiastorum
1600 3789 1626 3837 et
1637 3786 1713 3837 inter-

545 3862 616 3916 leuas
638 3864 766 3930 redderet,
789 3868 844 3921 soil.
868 3868 1025 3920 connivendo
1073 3869 1102 3921 In
1152 3870 1446 3936 pretumseutentiaest.
1460 3869 1712 3924 Schol.adr.1031:

544 3951 609 4004 Rau.
638 3951 703 4004 1079
733 3952 874 4020 Aeschylus
906 3954 936 4005 de
966 3953 1102 4022 Euripides
1152 3953 1226 4026 δηλοῖ
1246 3951 1284 4006 δτι
1306 3954 1332 4006 αἱ
1353 3953 1510 4008 διδασκαλίαι
1527 3954 1589 4015 ἴσως
1611 3958 1713 4030 φέρουσι

542 4036 571 4090 od
595 4039 760 4110 προαγωγοὺς
785 4038 910 4099 κατέδειξ’
934 4039 1007 4098 οὗτος
1031 4040 1035 4108 1
1058 4041 1102 4093 καὶ
1151 4042 1210 4100 τοὺς
1228 4036 1320 4099 Ἱππεῖς
1337 4039 1455 4112 πρώτους
1473 4040 1519 4094 ὑπ’
1533 4041 1613 4095 αὐτοῦ
1626 4040 1717 4095 καθιε-

541 4124 674 4183 τικτοδσας
692 4125 718 4177 ἐν
737 4132 790 4183 τοῖς
807 4126 880 4198 ἱεροῖς
896 4125 900 4192 Ι
919 4127 963 4179 καὶ
981 4128 1100 4196 μιγνυμέ-
1152 4127 1250 4195 μένους.
1287 4127 1358 4190 Quae
1375 4128 1509 4190 sententia,
1528 4128 1550 4180 si
1568 4144 1712 4198 compares,

538 4230 584 4270 νας
612 4218 689 4264 σοῖσιν
712 4210 841 4285 ἀδελφοῖς;
869 4216 895 4264 et
917 4213 1019 4266 Thesm.
1042 4213 1100 4278 341,
1153 4213 1221 4282 quod
1250 4212 1282 4265 de
1308 4212 1504 4266 Daetulensibus
1522 4214 1617 4267 Noster
1643 4232 1721 4285 prae-

539 4299 583 4350 ubi
612 4299 679 4350 inter
710 4298 808 4368 flagitia
839 4300 936 4367 primus
965 4299 1100 4366 Euripides
1152 4298 1246 4351 dicarit
1262 4298 1331 4353 Nub.
1349 4299 1401 4351 524
1410 4315 1474 4368 sqq.‚
1494 4300 1547 4352 veri
1567 4301 1653 4369 speeie
1665 4318 1721 4355 non

539 4384 732 4457 nominaturzd
754 4384 831 4458 δούλη
850 4384 918 4443 τινὸς
933 4384 938 4452 Ι
953 4384 1101 4457 προαγωγὸς
1153 4388 1234 4437 earet:
1258 4386 1369 4438 maxime
1392 4401 1486 4453 quum,
1511 4385 1581 4453 quod
1605 4386 1636 4437 de
1655 4387 1724 4439 Hero

539 4469 583 4527 οὒς
596 4469 749 4541 ένετρδλισεν
762 4476 799 4544 τῷ
814 4471 937 4544 δεσπότιρι
957 4472 988 4523 de
1006 4473 1102 4524 amasio
1152 4472 1216 4524 culis
1239 4472 1277 4524 ira
1300 4471 1378 4535 dixit,
1405 4472 1431 4522 id
1455 4472 1487 4524 ad
1513 4472 1622 4539 primaru
1641 4473 1723 4525 istun!

537 4550 605 4608 Nub.
629 4555 680 4608 980
711 4557 773 4630 πρὸς
795 4558 842 4609 τὸν
870 4558 976 4631 ἐραστὴν
997 4556 1002 4623 Ι
1024 4557 1101 4615 αὐτὸς
1152 4556 1264 4609 tabulam
1287 4574 1338 4610 non
1365 4559 1449 4627 possit
1474 4559 1612 4627 pertinere.
1649 4557 1723 4623 Quid

540 4639 631 4691 ἑαυτὸν
662 4644 849 4715 προαγωγεδων
878 4651 932 4703 τοῖς
959 4641 1102 4715 ὀφθαλμοῖς
1153 4657 1212 4695 vero
1235 4643 1267 4695 de
1284 4643 1434 4711 Babyloniis
1457 4647 1619 4699 statuamus?
1646 4662 1726 4698 nam‘
