<?xml version="1.0" encoding="UTF-8"?>
<!DOCTYPE html PUBLIC "-//W3C//DTD XHTML 1.0 Transitional//EN"
    "http://www.w3.org/TR/xhtml1/DTD/xhtml1-transitional.dtd">
<html xmlns="http://www.w3.org/1999/xhtml" xml:lang="en" lang="en">
 <head>
  <title>
</title>
<meta http-equiv="Content-Type" content="text/html;charset=utf-8" />
  <meta name='ocr-system' content='tesseract 3.04.00' />
  <meta name='ocr-capabilities' content='ocr_page ocr_carea ocr_par ocr_line ocrx_word'/>
</head>
<body>
  <div class='ocr_page' id='page_1' title='image "./vespaecumproleg00richgoog_0083.png"; bbox 0 0 4484 5467; ppageno 0'>
   <div class='ocr_carea' id='block_1_1' title="bbox 939 649 1705 715">
    <p class='ocr_par' dir='ltr' id='par_1_1' title="bbox 939 649 1705 715">
     <span class='ocr_line' id='line_1_1' title="bbox 939 649 1705 715; baseline 0.009 -7"><span class='ocrx_word' id='word_1_1' title='bbox 939 651 984 707; x_wconf 77' lang='lat' dir='ltr'>DE</span> <span class='ocrx_word' id='word_1_2' title='bbox 1002 652 1114 710; x_wconf 82' lang='lat' dir='ltr'>OHORO</span> <span class='ocrx_word' id='word_1_3' title='bbox 1134 654 1319 710; x_wconf 71' lang='lat' dir='ltr'>VESPARVH</span> <span class='ocrx_word' id='word_1_4' title='bbox 1663 649 1705 715; x_wconf 84' lang='grc'>69</span> 
     </span>
    </p>
   </div>
   <div class='ocr_carea' id='block_1_2' title="bbox 540 823 1704 1025">
    <p class='ocr_par' dir='ltr' id='par_1_2' title="bbox 540 823 1704 1025">
     <span class='ocr_line' id='line_1_2' title="bbox 540 823 1703 910; baseline -0.002 -22"><span class='ocrx_word' id='word_1_5' title='bbox 540 824 658 909; x_wconf 83' lang='lat' dir='ltr'><strong>posuit,</strong></span> <span class='ocrx_word' id='word_1_6' title='bbox 685 823 719 887; x_wconf 95' lang='lat' dir='ltr'>id</span> <span class='ocrx_word' id='word_1_7' title='bbox 746 845 839 910; x_wconf 90' lang='lat' dir='ltr'>prope</span> <span class='ocrx_word' id='word_1_8' title='bbox 860 824 981 889; x_wconf 88' lang='grc'><strong>11111111</strong></span> <span class='ocrx_word' id='word_1_9' title='bbox 1002 826 1095 891; x_wconf 90' lang='lat' dir='ltr'>habet</span> <span class='ocrx_word' id='word_1_10' title='bbox 1116 824 1443 891; x_wconf 87' lang='lat' dir='ltr'>verisimilitudinem.</span> <span class='ocrx_word' id='word_1_11' title='bbox 1481 823 1627 907; x_wconf 77' lang='lat' dir='ltr'>Sequitur</span> <span class='ocrx_word' id='word_1_12' title='bbox 1648 844 1703 887; x_wconf 91' lang='lat' dir='ltr'>au-</span> 
     </span>
     <span class='ocr_line' id='line_1_3' title="bbox 540 934 1704 1025; baseline -0.003 -24"><span class='ocrx_word' id='word_1_13' title='bbox 540 942 608 1001; x_wconf 88' lang='lat' dir='ltr'>tem</span> <span class='ocrx_word' id='word_1_14' title='bbox 630 935 801 1019; x_wconf 87' lang='lat' dir='ltr'>Etymologi</span> <span class='ocrx_word' id='word_1_15' title='bbox 823 935 996 1021; x_wconf 89' lang='lat' dir='ltr'>Suidaeque</span> <span class='ocrx_word' id='word_1_16' title='bbox 1017 939 1128 1002; x_wconf 84' lang='lat' dir='ltr'>verba:</span> <span class='ocrx_word' id='word_1_17' title='bbox 1150 942 1336 1025; x_wconf 79' lang='grc' dir='ltr'>τετράγωνον</span> <span class='ocrx_word' id='word_1_18' title='bbox 1360 934 1561 1022; x_wconf 77' lang='grc' dir='ltr'>οἰκοδόμημα,</span> <span class='ocrx_word' id='word_1_19' title='bbox 1583 934 1704 1017; x_wconf 82' lang='lat' dir='ltr'>thyme-</span> 
     </span>
    </p>
   </div>
   <div class='ocr_carea' id='block_1_3' title="bbox 541 1044 1828 1131">
    <p class='ocr_par' dir='ltr' id='par_1_3' title="bbox 541 1044 1828 1131">
     <span class='ocr_line' id='line_1_4' title="bbox 541 1044 1828 1131; baseline 0.001 -22"><span class='ocrx_word' id='word_1_20' title='bbox 541 1046 685 1131; x_wconf 90' lang='lat' dir='ltr'>lamque,</span> <span class='ocrx_word' id='word_1_21' title='bbox 719 1047 753 1110; x_wconf 91' lang='lat' dir='ltr'>in</span> <span class='ocrx_word' id='word_1_22' title='bbox 788 1053 849 1131; x_wconf 88' lang='lat' dir='ltr'>qua</span> <span class='ocrx_word' id='word_1_23' title='bbox 876 1048 985 1113; x_wconf 87' lang='lat' dir='ltr'>chorus</span> <span class='ocrx_word' id='word_1_24' title='bbox 1012 1054 1134 1113; x_wconf 81' lang='lat' dir='ltr'>caneret</span> <span class='ocrx_word' id='word_1_25' title='bbox 1171 1049 1369 1131; x_wconf 83' lang='lat' dir='ltr'>saltaratque,</span> <span class='ocrx_word' id='word_1_26' title='bbox 1398 1046 1583 1131; x_wconf 89' lang='lat' dir='ltr'>quadratum</span> <span class='ocrx_word' id='word_1_27' title='bbox 1610 1046 1704 1110; x_wconf 85' lang='lat' dir='ltr'>luisse</span> <span class='ocrx_word' id='word_1_28' title='bbox 1824 1044 1828 1048; x_wconf 72' lang='grc'><strong><em>’</em></strong></span> 
     </span>
    </p>
   </div>
   <div class='ocr_carea' id='block_1_4' title="bbox 515 1156 1736 4712">
    <p class='ocr_par' dir='ltr' id='par_1_4' title="bbox 515 1156 1736 4712">
     <span class='ocr_line' id='line_1_5' title="bbox 540 1156 1704 1243; baseline -0.003 -19"><span class='ocrx_word' id='word_1_29' title='bbox 540 1164 725 1241; x_wconf 87' lang='lat' dir='ltr'>suggestum</span> <span class='ocrx_word' id='word_1_30' title='bbox 745 1159 880 1243; x_wconf 88' lang='lat' dir='ltr'>satisque</span> <span class='ocrx_word' id='word_1_31' title='bbox 902 1181 1050 1243; x_wconf 88' lang='lat' dir='ltr'>magnum</span> <span class='ocrx_word' id='word_1_32' title='bbox 1072 1161 1238 1239; x_wconf 87' lang='lat' dir='ltr'>contendit,</span> <span class='ocrx_word' id='word_1_33' title='bbox 1261 1165 1297 1224; x_wconf 92' lang='grc'>11</span> <span class='ocrx_word' id='word_1_34' title='bbox 1318 1160 1428 1223; x_wconf 75' lang='lat' dir='ltr'>chenus</span> <span class='ocrx_word' id='word_1_35' title='bbox 1449 1156 1606 1223; x_wconf 91' lang='lat' dir='ltr'>commode</span> <span class='ocrx_word' id='word_1_36' title='bbox 1620 1157 1655 1222; x_wconf 92' lang='lat' dir='ltr'>in</span> <span class='ocrx_word' id='word_1_37' title='bbox 1669 1177 1704 1221; x_wconf 91' lang='grc'>11</span> 
     </span>
     <span class='ocr_line' id='line_1_6' title="bbox 540 1254 1703 1357; baseline -0.003 -22"><span class='ocrx_word' id='word_1_38' title='bbox 540 1270 660 1335; x_wconf 85' lang='lat' dir='ltr'>versari</span> <span class='ocrx_word' id='word_1_39' title='bbox 681 1276 783 1355; x_wconf 87' lang='lat' dir='ltr'>posset</span> <span class='ocrx_word' id='word_1_40' title='bbox 803 1272 847 1356; x_wconf 88' lang='lat' dir='ltr'>(v.</span> <span class='ocrx_word' id='word_1_41' title='bbox 869 1254 898 1357; x_wconf 93' lang='lat' dir='ltr'>p</span> <span class='ocrx_word' id='word_1_42' title='bbox 922 1273 963 1336; x_wconf 77' lang='lat'>28</span> <span class='ocrx_word' id='word_1_43' title='bbox 986 1271 1056 1355; x_wconf 87' lang='lat' dir='ltr'>sq).</span> <span class='ocrx_word' id='word_1_44' title='bbox 1100 1271 1161 1337; x_wconf 86' lang='lat' dir='ltr'>Sed</span> <span class='ocrx_word' id='word_1_45' title='bbox 1189 1273 1217 1336; x_wconf 91' lang='lat' dir='ltr'>si</span> <span class='ocrx_word' id='word_1_46' title='bbox 1238 1272 1366 1355; x_wconf 88' lang='lat' dir='ltr'>angulos</span> <span class='ocrx_word' id='word_1_47' title='bbox 1394 1273 1509 1337; x_wconf 78' lang='lat' dir='ltr'>formae</span> <span class='ocrx_word' id='word_1_48' title='bbox 1536 1268 1703 1355; x_wconf 74' lang='lat' dir='ltr'>quadratae</span> 
     </span>
     <span class='ocr_line' id='line_1_7' title="bbox 541 1369 1702 1469; baseline -0.003 -22"><span class='ocrx_word' id='word_1_49' title='bbox 541 1382 583 1447; x_wconf 87' lang='lat' dir='ltr'>ad</span> <span class='ocrx_word' id='word_1_50' title='bbox 605 1382 756 1447; x_wconf 88' lang='lat' dir='ltr'>circulum</span> <span class='ocrx_word' id='word_1_51' title='bbox 779 1369 880 1467; x_wconf 82' lang='lat' dir='ltr'>usque</span> <span class='ocrx_word' id='word_1_52' title='bbox 900 1384 1086 1469; x_wconf 82' lang='lat' dir='ltr'>pertinuisse</span> <span class='ocrx_word' id='word_1_53' title='bbox 1114 1404 1246 1468; x_wconf 89' lang='lat' dir='ltr'>eumque</span> <span class='ocrx_word' id='word_1_54' title='bbox 1272 1383 1410 1467; x_wconf 89' lang='lat' dir='ltr'>tetigisse</span> <span class='ocrx_word' id='word_1_55' title='bbox 1437 1387 1598 1467; x_wconf 80' lang='grc'><strong>11111111,</strong></span> <span class='ocrx_word' id='word_1_56' title='bbox 1625 1379 1702 1466; x_wconf 91' lang='lat' dir='ltr'>quid</span> 
     </span>
     <span class='ocr_line' id='line_1_8' title="bbox 540 1492 1702 1581; baseline -0.004 -21"><span class='ocrx_word' id='word_1_57' title='bbox 540 1501 612 1560; x_wconf 90' lang='lat' dir='ltr'>tum</span> <span class='ocrx_word' id='word_1_58' title='bbox 634 1495 672 1559; x_wconf 89' lang='lat' dir='ltr'>de</span> <span class='ocrx_word' id='word_1_59' title='bbox 693 1496 869 1579; x_wconf 84' lang='lat' dir='ltr'>segmentis,</span> <span class='ocrx_word' id='word_1_60' title='bbox 894 1516 972 1580; x_wconf 90' lang='lat' dir='ltr'>quae</span> <span class='ocrx_word' id='word_1_61' title='bbox 993 1496 1055 1560; x_wconf 90' lang='lat' dir='ltr'>tria</span> <span class='ocrx_word' id='word_1_62' title='bbox 1076 1503 1251 1581; x_wconf 86' lang='lat' dir='ltr'>supersunt,</span> <span class='ocrx_word' id='word_1_63' title='bbox 1274 1494 1467 1561; x_wconf 82' lang='lat' dir='ltr'>statuamus?</span> <span class='ocrx_word' id='word_1_64' title='bbox 1487 1492 1587 1558; x_wconf 90' lang='lat' dir='ltr'>sentio</span> <span class='ocrx_word' id='word_1_65' title='bbox 1608 1492 1702 1574; x_wconf 87' lang='lat' dir='ltr'>enim,</span> 
     </span>
     <span class='ocr_line' id='line_1_9' title="bbox 515 1605 1702 1693; baseline -0.001 -22"><span class='ocrx_word' id='word_1_66' title='bbox 515 1676 517 1681; x_wconf 65' lang='grc'><strong>,</strong></span> <span class='ocrx_word' id='word_1_67' title='bbox 540 1612 689 1693; x_wconf 88' lang='lat' dir='ltr'>quartum</span> <span class='ocrx_word' id='word_1_68' title='bbox 700 1606 853 1691; x_wconf 88' lang='lat' dir='ltr'>thymelae</span> <span class='ocrx_word' id='word_1_69' title='bbox 864 1606 945 1671; x_wconf 89' lang='lat' dir='ltr'>latus</span> <span class='ocrx_word' id='word_1_70' title='bbox 960 1607 1075 1671; x_wconf 90' lang='lat' dir='ltr'>lineam</span> <span class='ocrx_word' id='word_1_71' title='bbox 1089 1608 1204 1693; x_wconf 87' lang='lat' dir='ltr'>pulpiti</span> <span class='ocrx_word' id='word_1_72' title='bbox 1218 1608 1318 1673; x_wconf 90' lang='lat' dir='ltr'>lineae</span> <span class='ocrx_word' id='word_1_73' title='bbox 1333 1607 1500 1693; x_wconf 89' lang='lat' dir='ltr'>parallelon</span> <span class='ocrx_word' id='word_1_74' title='bbox 1517 1627 1592 1671; x_wconf 85' lang='lat' dir='ltr'>esse.</span> <span class='ocrx_word' id='word_1_75' title='bbox 1618 1605 1702 1670; x_wconf 89' lang='lat' dir='ltr'>Num</span> 
     </span>
     <span class='ocr_line' id='line_1_10' title="bbox 540 1718 1702 1807; baseline 0.004 -23"><span class='ocrx_word' id='word_1_76' title='bbox 540 1720 618 1784; x_wconf 89' lang='lat' dir='ltr'>haec</span> <span class='ocrx_word' id='word_1_77' title='bbox 629 1726 787 1801; x_wconf 87' lang='lat' dir='ltr'>segmenta</span> <span class='ocrx_word' id='word_1_78' title='bbox 801 1720 968 1784; x_wconf 84' lang='lat' dir='ltr'>canistram</span> <span class='ocrx_word' id='word_1_79' title='bbox 983 1720 1131 1806; x_wconf 90' lang='lat' dir='ltr'>appellari</span> <span class='ocrx_word' id='word_1_80' title='bbox 1146 1720 1326 1785; x_wconf 83' lang='lat' dir='ltr'>credamus?</span> <span class='ocrx_word' id='word_1_81' title='bbox 1340 1720 1422 1803; x_wconf 93' lang='lat' dir='ltr'>quod</span> <span class='ocrx_word' id='word_1_82' title='bbox 1436 1720 1470 1785; x_wconf 81' lang='grc' dir='ltr'>τὸ</span> <span class='ocrx_word' id='word_1_83' title='bbox 1482 1722 1564 1784; x_wconf 82' lang='grc' dir='ltr'><strong><em>κάτω</em></strong></span> <span class='ocrx_word' id='word_1_84' title='bbox 1578 1718 1702 1807; x_wconf 78' lang='grc' dir='ltr'>ἔδαφος,</span> 
     </span>
     <span class='ocr_line' id='line_1_11' title="bbox 540 1831 1702 1917; baseline -0.003 -20"><span class='ocrx_word' id='word_1_85' title='bbox 540 1837 644 1897; x_wconf 89' lang='lat' dir='ltr'>totum</span> <span class='ocrx_word' id='word_1_86' title='bbox 664 1831 761 1913; x_wconf 84' lang='lat' dir='ltr'>igitur</span> <span class='ocrx_word' id='word_1_87' title='bbox 782 1831 891 1913; x_wconf 92' lang='lat' dir='ltr'>solum,</span> <span class='ocrx_word' id='word_1_88' title='bbox 913 1852 976 1895; x_wconf 91' lang='lat' dir='ltr'>non</span> <span class='ocrx_word' id='word_1_89' title='bbox 997 1853 1067 1916; x_wconf 86' lang='lat' dir='ltr'>pars</span> <span class='ocrx_word' id='word_1_90' title='bbox 1089 1832 1242 1917; x_wconf 88' lang='lat' dir='ltr'>quaedam</span> <span class='ocrx_word' id='word_1_91' title='bbox 1264 1838 1319 1896; x_wconf 82' lang='lat' dir='ltr'>est</span> <span class='ocrx_word' id='word_1_92' title='bbox 1364 1832 1429 1896; x_wconf 89' lang='lat' dir='ltr'>llas</span> <span class='ocrx_word' id='word_1_93' title='bbox 1456 1851 1568 1916; x_wconf 89' lang='lat' dir='ltr'>quaeso</span> <span class='ocrx_word' id='word_1_94' title='bbox 1587 1832 1702 1912; x_wconf 86' lang='lat' dir='ltr'>¹foveas,</span> 
     </span>
     <span class='ocr_line' id='line_1_12' title="bbox 541 1934 1702 2034; baseline -0.001 -26"><span class='ocrx_word' id='word_1_95' title='bbox 541 1949 578 2008; x_wconf 93' lang='grc'>11</span> <span class='ocrx_word' id='word_1_96' title='bbox 603 1943 650 2007; x_wconf 88' lang='lat' dir='ltr'>ita</span> <span class='ocrx_word' id='word_1_97' title='bbox 677 1942 792 2020; x_wconf 88' lang='lat' dir='ltr'>dicam,</span> <span class='ocrx_word' id='word_1_98' title='bbox 816 1942 890 2034; x_wconf 35' lang='lat' dir='ltr'>&#39;quis</span> <span class='ocrx_word' id='word_1_99' title='bbox 916 1963 1055 2025; x_wconf 91' lang='lat' dir='ltr'>unquam</span> <span class='ocrx_word' id='word_1_100' title='bbox 1077 1944 1262 2008; x_wconf 87' lang='lat' dir='ltr'>Graecorum</span> <span class='ocrx_word' id='word_1_101' title='bbox 1289 1943 1425 2028; x_wconf 89' lang='lat' dir='ltr'>potuerit</span> <span class='ocrx_word' id='word_1_102' title='bbox 1451 1941 1600 2028; x_wconf 90' lang='lat' dir='ltr'>probare?</span> <span class='ocrx_word' id='word_1_103' title='bbox 1631 1934 1702 2026; x_wconf 87' lang='lat' dir='ltr'>quis</span> 
     </span>
     <span class='ocr_line' id='line_1_13' title="bbox 541 2052 1703 2139; baseline 0.001 -22"><span class='ocrx_word' id='word_1_104' title='bbox 541 2056 638 2138; x_wconf 81' lang='lat' dir='ltr'>igitur</span> <span class='ocrx_word' id='word_1_105' title='bbox 659 2052 820 2118; x_wconf 88' lang='lat' dir='ltr'>nostrum?</span> <span class='ocrx_word' id='word_1_106' title='bbox 852 2052 967 2117; x_wconf 86' lang='lat' dir='ltr'>Eadem</span> <span class='ocrx_word' id='word_1_107' title='bbox 995 2059 1098 2118; x_wconf 91' lang='lat' dir='ltr'>autem</span> <span class='ocrx_word' id='word_1_108' title='bbox 1127 2053 1176 2118; x_wconf 89' lang='lat' dir='ltr'>vel</span> <span class='ocrx_word' id='word_1_109' title='bbox 1206 2054 1291 2139; x_wconf 93' lang='lat' dir='ltr'>peior</span> <span class='ocrx_word' id='word_1_110' title='bbox 1319 2054 1413 2117; x_wconf 89' lang='lat' dir='ltr'>etiam</span> <span class='ocrx_word' id='word_1_111' title='bbox 1439 2054 1572 2118; x_wconf 89' lang='lat' dir='ltr'>conditio</span> <span class='ocrx_word' id='word_1_112' title='bbox 1593 2060 1648 2133; x_wconf 88' lang='lat' dir='ltr'>est,</span> <span class='ocrx_word' id='word_1_113' title='bbox 1675 2054 1703 2118; x_wconf 89' lang='lat' dir='ltr'>si</span> 
     </span>
     <span class='ocr_line' id='line_1_14' title="bbox 543 2166 1701 2253; baseline -0.002 -22"><span class='ocrx_word' id='word_1_114' title='bbox 543 2168 639 2233; x_wconf 85' lang='lat' dir='ltr'>latera</span> <span class='ocrx_word' id='word_1_115' title='bbox 665 2166 818 2249; x_wconf 87' lang='lat' dir='ltr'>thymelae</span> <span class='ocrx_word' id='word_1_116' title='bbox 846 2166 1081 2230; x_wconf 77' lang='lat' dir='ltr'>Wie‘selerianae</span> <span class='ocrx_word' id='word_1_117' title='bbox 1108 2166 1213 2253; x_wconf 91' lang='lat' dir='ltr'>paullo</span> <span class='ocrx_word' id='word_1_118' title='bbox 1247 2167 1369 2231; x_wconf 92' lang='lat' dir='ltr'>minora</span> <span class='ocrx_word' id='word_1_119' title='bbox 1394 2166 1489 2230; x_wconf 84' lang='lat' dir='ltr'>fuisse</span> <span class='ocrx_word' id='word_1_120' title='bbox 1510 2186 1609 2250; x_wconf 92' lang='lat' dir='ltr'>neque</span> <span class='ocrx_word' id='word_1_121' title='bbox 1630 2166 1701 2230; x_wconf 87' lang='lat' dir='ltr'>teti-</span> 
     </span>
     <span class='ocr_line' id='line_1_15' title="bbox 542 2264 1702 2361; baseline 0 -18"><span class='ocrx_word' id='word_1_122' title='bbox 542 2278 622 2361; x_wconf 84' lang='lat' dir='ltr'>gisse</span> <span class='ocrx_word' id='word_1_123' title='bbox 645 2274 797 2342; x_wconf 84' lang='lat' dir='ltr'>circulum</span> <span class='ocrx_word' id='word_1_124' title='bbox 811 2264 931 2342; x_wconf 43' lang='lat' dir='ltr'>&#39;theatri</span> <span class='ocrx_word' id='word_1_125' title='bbox 953 2298 1120 2341; x_wconf 86' lang='lat' dir='ltr'>censemus.</span> <span class='ocrx_word' id='word_1_126' title='bbox 1153 2278 1269 2344; x_wconf 86' lang='lat' dir='ltr'>Foveae</span> <span class='ocrx_word' id='word_1_127' title='bbox 1282 2284 1351 2342; x_wconf 89' lang='grc'><strong>1111</strong></span> <span class='ocrx_word' id='word_1_128' title='bbox 1365 2276 1502 2356; x_wconf 88' lang='lat' dir='ltr'>maiores,</span> <span class='ocrx_word' id='word_1_129' title='bbox 1524 2284 1702 2360; x_wconf 86' lang='lat' dir='ltr'>suggestum</span> 
     </span>
     <span class='ocr_line' id='line_1_16' title="bbox 541 2388 1702 2476; baseline -0.001 -21"><span class='ocrx_word' id='word_1_130' title='bbox 541 2390 637 2455; x_wconf 91' lang='lat' dir='ltr'>etiam</span> <span class='ocrx_word' id='word_1_131' title='bbox 670 2389 799 2453; x_wconf 89' lang='lat' dir='ltr'>taetrius</span> <span class='ocrx_word' id='word_1_132' title='bbox 826 2395 918 2473; x_wconf 90' lang='lat' dir='ltr'>atque</span> <span class='ocrx_word' id='word_1_133' title='bbox 945 2388 1091 2473; x_wconf 88' lang='lat' dir='ltr'>ineptius.</span> <span class='ocrx_word' id='word_1_134' title='bbox 1128 2390 1209 2466; x_wconf 83' lang='lat' dir='ltr'>Quid</span> <span class='ocrx_word' id='word_1_135' title='bbox 1230 2411 1318 2476; x_wconf 90' lang='lat' dir='ltr'>porro</span> <span class='ocrx_word' id='word_1_136' title='bbox 1339 2390 1378 2455; x_wconf 90' lang='lat' dir='ltr'>de</span> <span class='ocrx_word' id='word_1_137' title='bbox 1398 2388 1488 2454; x_wconf 85' lang='lat' dir='ltr'>scalis</span> <span class='ocrx_word' id='word_1_138' title='bbox 1509 2390 1702 2454; x_wconf 88' lang='lat' dir='ltr'>statuamus?</span> 
     </span>
     <span class='ocr_line' id='line_1_17' title="bbox 540 2500 1702 2588; baseline 0.002 -23"><span class='ocrx_word' id='word_1_139' title='bbox 540 2501 691 2567; x_wconf 88' lang='lat' dir='ltr'>Novimus</span> <span class='ocrx_word' id='word_1_140' title='bbox 719 2500 803 2564; x_wconf 91' lang='lat' dir='ltr'>enim</span> <span class='ocrx_word' id='word_1_141' title='bbox 830 2500 869 2564; x_wconf 91' lang='lat' dir='ltr'>ad</span> <span class='ocrx_word' id='word_1_142' title='bbox 896 2500 1067 2585; x_wconf 87' lang='lat' dir='ltr'>pulpitum,</span> <span class='ocrx_word' id='word_1_143' title='bbox 1096 2501 1137 2565; x_wconf 88' lang='lat' dir='ltr'>ad</span> <span class='ocrx_word' id='word_1_144' title='bbox 1162 2500 1249 2566; x_wconf 88' lang='lat' dir='ltr'>sedes</span> <span class='ocrx_word' id='word_1_145' title='bbox 1276 2501 1406 2588; x_wconf 86' lang='lat' dir='ltr'>priores,</span> <span class='ocrx_word' id='word_1_146' title='bbox 1435 2521 1512 2585; x_wconf 88' lang='lat' dir='ltr'>quas</span> <span class='ocrx_word' id='word_1_147' title='bbox 1538 2502 1605 2587; x_wconf 88' lang='lat' dir='ltr'>pari</span> <span class='ocrx_word' id='word_1_148' title='bbox 1631 2523 1702 2568; x_wconf 90' lang='lat' dir='ltr'>cum</span> 
     </span>
     <span class='ocr_line' id='line_1_18' title="bbox 539 2611 1702 2700; baseline 0.003 -24"><span class='ocrx_word' id='word_1_149' title='bbox 539 2613 662 2700; x_wconf 90' lang='lat' dir='ltr'>pulpito</span> <span class='ocrx_word' id='word_1_150' title='bbox 691 2612 855 2675; x_wconf 82' lang='lat' dir='ltr'>altitudine</span> <span class='ocrx_word' id='word_1_151' title='bbox 881 2611 975 2676; x_wconf 88' lang='lat' dir='ltr'>fuisse</span> <span class='ocrx_word' id='word_1_152' title='bbox 1004 2617 1137 2691; x_wconf 90' lang='lat' dir='ltr'>constat,</span> <span class='ocrx_word' id='word_1_153' title='bbox 1172 2613 1212 2677; x_wconf 89' lang='lat' dir='ltr'>ad</span> <span class='ocrx_word' id='word_1_154' title='bbox 1238 2613 1339 2699; x_wconf 87' lang='lat' dir='ltr'>ipsam</span> <span class='ocrx_word' id='word_1_155' title='bbox 1368 2613 1553 2677; x_wconf 82' lang='lat' dir='ltr'>orchestram</span> <span class='ocrx_word' id='word_1_156' title='bbox 1579 2613 1702 2679; x_wconf 86' lang='lat' dir='ltr'>duxisse</span> 
     </span>
     <span class='ocr_line' id='line_1_19' title="bbox 544 2724 1703 2812; baseline 0.002 -21"><span class='ocrx_word' id='word_1_157' title='bbox 544 2726 655 2791; x_wconf 88' lang='lat' dir='ltr'>scalas.</span> <span class='ocrx_word' id='word_1_158' title='bbox 697 2724 772 2803; x_wconf 89' lang='lat' dir='ltr'>lam,</span> <span class='ocrx_word' id='word_1_159' title='bbox 795 2724 821 2788; x_wconf 91' lang='lat' dir='ltr'>si</span> <span class='ocrx_word' id='word_1_160' title='bbox 843 2724 1026 2788; x_wconf 85' lang='lat' dir='ltr'>orchestram</span> <span class='ocrx_word' id='word_1_161' title='bbox 1049 2731 1226 2808; x_wconf 88' lang='lat' dir='ltr'>suggestum</span> <span class='ocrx_word' id='word_1_162' title='bbox 1244 2726 1439 2810; x_wconf 87' lang='lat' dir='ltr'>quadratum,</span> <span class='ocrx_word' id='word_1_163' title='bbox 1460 2725 1597 2810; x_wconf 89' lang='lat' dir='ltr'>quinque</span> <span class='ocrx_word' id='word_1_164' title='bbox 1610 2727 1703 2812; x_wconf 87' lang='lat' dir='ltr'>pedes</span> 
     </span>
     <span class='ocr_line' id='line_1_20' title="bbox 542 2831 1736 2931; baseline 0.001 -28"><span class='ocrx_word' id='word_1_165' title='bbox 542 2837 659 2916; x_wconf 89' lang='lat' dir='ltr'>altum,</span> <span class='ocrx_word' id='word_1_166' title='bbox 677 2835 784 2931; x_wconf 25' lang='lat' dir='ltr'>&#39;fuisse</span> <span class='ocrx_word' id='word_1_167' title='bbox 811 2835 1030 2921; x_wconf 88' lang='lat' dir='ltr'>acciperemus,</span> <span class='ocrx_word' id='word_1_168' title='bbox 1058 2842 1178 2921; x_wconf 88' lang='lat' dir='ltr'>praeter</span> <span class='ocrx_word' id='word_1_169' title='bbox 1204 2837 1330 2902; x_wconf 91' lang='lat' dir='ltr'>modum</span> <span class='ocrx_word' id='word_1_170' title='bbox 1356 2838 1509 2904; x_wconf 90' lang='lat' dir='ltr'>scalarum</span> <span class='ocrx_word' id='word_1_171' title='bbox 1537 2860 1702 2904; x_wconf 88' lang='lat' dir='ltr'>numerum</span> <span class='ocrx_word' id='word_1_172' title='bbox 1734 2831 1736 2836; x_wconf 70' lang='grc'><strong>’</strong></span> 
     </span>
     <span class='ocr_line' id='line_1_21' title="bbox 541 2950 1702 3032; baseline 0.002 -17"><span class='ocrx_word' id='word_1_173' title='bbox 541 2960 655 3032; x_wconf 86' lang='lat' dir='ltr'>augere</span> <span class='ocrx_word' id='word_1_174' title='bbox 678 2968 861 3031; x_wconf 84' lang='lat' dir='ltr'>cogeremur,</span> <span class='ocrx_word' id='word_1_175' title='bbox 884 2967 981 3030; x_wconf 90' lang='lat' dir='ltr'>quum</span> <span class='ocrx_word' id='word_1_176' title='bbox 1001 2952 1146 3031; x_wconf 89' lang='lat' dir='ltr'>quattuor</span> <span class='ocrx_word' id='word_1_177' title='bbox 1168 2952 1222 3011; x_wconf 90' lang='lat' dir='ltr'>aut</span> <span class='ocrx_word' id='word_1_178' title='bbox 1242 2954 1304 3012; x_wconf 89' lang='lat' dir='ltr'>tres</span> <span class='ocrx_word' id='word_1_179' title='bbox 1325 2950 1435 3016; x_wconf 85' lang='lat' dir='ltr'>saltem</span> <span class='ocrx_word' id='word_1_180' title='bbox 1456 2951 1496 3016; x_wconf 92' lang='lat' dir='ltr'>ad</span> <span class='ocrx_word' id='word_1_181' title='bbox 1517 2953 1702 3019; x_wconf 86' lang='lat' dir='ltr'>orchestram</span> 
     </span>
     <span class='ocr_line' id='line_1_22' title="bbox 541 3058 1703 3150; baseline 0.004 -25"><span class='ocrx_word' id='word_1_182' title='bbox 541 3060 699 3139; x_wconf 85' lang='lat' dir='ltr'>ducerent.</span> <span class='ocrx_word' id='word_1_183' title='bbox 759 3058 876 3123; x_wconf 91' lang='lat' dir='ltr'>Deinde</span> <span class='ocrx_word' id='word_1_184' title='bbox 915 3079 1049 3142; x_wconf 89' lang='lat' dir='ltr'>quanam</span> <span class='ocrx_word' id='word_1_185' title='bbox 1082 3060 1201 3124; x_wconf 88' lang='lat' dir='ltr'>ratione</span> <span class='ocrx_word' id='word_1_186' title='bbox 1234 3060 1344 3127; x_wconf 89' lang='lat' dir='ltr'>chorus</span> <span class='ocrx_word' id='word_1_187' title='bbox 1376 3063 1534 3149; x_wconf 86' lang='lat' dir='ltr'>pulpitum</span> <span class='ocrx_word' id='word_1_188' title='bbox 1568 3066 1703 3150; x_wconf 88' lang='lat' dir='ltr'>potuerit</span> 
     </span>
     <span class='ocr_line' id='line_1_23' title="bbox 540 3169 1701 3264; baseline 0.003 -27"><span class='ocrx_word' id='word_1_189' title='bbox 540 3172 715 3251; x_wconf 86' lang='lat' dir='ltr'>ascendere,</span> <span class='ocrx_word' id='word_1_190' title='bbox 738 3171 763 3235; x_wconf 92' lang='lat' dir='ltr'>si</span> <span class='ocrx_word' id='word_1_191' title='bbox 787 3170 967 3264; x_wconf 88' lang='lat' dir='ltr'>descendere</span> <span class='ocrx_word' id='word_1_192' title='bbox 989 3169 1095 3235; x_wconf 88' lang='lat' dir='ltr'>codam</span> <span class='ocrx_word' id='word_1_193' title='bbox 1116 3176 1252 3257; x_wconf 87' lang='lat' dir='ltr'>tempore</span> <span class='ocrx_word' id='word_1_194' title='bbox 1273 3178 1365 3256; x_wconf 87' lang='lat' dir='ltr'>atque</span> <span class='ocrx_word' id='word_1_195' title='bbox 1386 3174 1463 3239; x_wconf 89' lang='lat' dir='ltr'>alias</span> <span class='ocrx_word' id='word_1_196' title='bbox 1475 3196 1582 3241; x_wconf 88' lang='lat' dir='ltr'>rursus</span> <span class='ocrx_word' id='word_1_197' title='bbox 1596 3198 1701 3241; x_wconf 91' lang='lat' dir='ltr'>ascen·</span> 
     </span>
     <span class='ocr_line' id='line_1_24' title="bbox 539 3281 1702 3370; baseline 0.004 -23"><span class='ocrx_word' id='word_1_198' title='bbox 539 3284 613 3348; x_wconf 86' lang='lat' dir='ltr'>dere</span> <span class='ocrx_word' id='word_1_199' title='bbox 642 3283 739 3348; x_wconf 87' lang='lat' dir='ltr'>scalas</span> <span class='ocrx_word' id='word_1_200' title='bbox 766 3283 868 3348; x_wconf 89' lang='lat' dir='ltr'>iussus</span> <span class='ocrx_word' id='word_1_201' title='bbox 903 3281 1001 3346; x_wconf 85' lang='lat' dir='ltr'>esset?</span> <span class='ocrx_word' id='word_1_202' title='bbox 1033 3281 1113 3347; x_wconf 93' lang='lat' dir='ltr'>Nam</span> <span class='ocrx_word' id='word_1_203' title='bbox 1140 3283 1168 3347; x_wconf 90' lang='lat' dir='ltr'>si</span> <span class='ocrx_word' id='word_1_204' title='bbox 1196 3283 1332 3368; x_wconf 91' lang='lat' dir='ltr'>quinque</span> <span class='ocrx_word' id='word_1_205' title='bbox 1359 3285 1473 3370; x_wconf 87' lang='lat' dir='ltr'>pedum</span> <span class='ocrx_word' id='word_1_206' title='bbox 1505 3287 1702 3352; x_wconf 89' lang='lat' dir='ltr'>altitudinem</span> 
     </span>
     <span class='ocr_line' id='line_1_25' title="bbox 539 3394 1701 3485; baseline 0.004 -26"><span class='ocrx_word' id='word_1_207' title='bbox 539 3394 744 3473; x_wconf 84' lang='lat' dir='ltr'>defendimus,</span> <span class='ocrx_word' id='word_1_208' title='bbox 772 3401 840 3459; x_wconf 92' lang='lat' dir='ltr'>tum</span> <span class='ocrx_word' id='word_1_209' title='bbox 862 3395 971 3459; x_wconf 90' lang='lat' dir='ltr'>chorus</span> <span class='ocrx_word' id='word_1_210' title='bbox 998 3415 1054 3480; x_wconf 90' lang='lat' dir='ltr'>per</span> <span class='ocrx_word' id='word_1_211' title='bbox 1075 3394 1305 3479; x_wconf 90' lang='lat' dir='ltr'>aliquantulum</span> <span class='ocrx_word' id='word_1_212' title='bbox 1330 3399 1477 3483; x_wconf 89' lang='lat' dir='ltr'>temporis</span> <span class='ocrx_word' id='word_1_213' title='bbox 1499 3407 1701 3485; x_wconf 89' lang='lat' dir='ltr'>aconspectu</span> 
     </span>
     <span class='ocr_line' id='line_1_26' title="bbox 539 3506 1700 3595; baseline 0.004 -23"><span class='ocrx_word' id='word_1_214' title='bbox 539 3508 683 3573; x_wconf 91' lang='lat' dir='ltr'>omnium</span> <span class='ocrx_word' id='word_1_215' title='bbox 704 3528 801 3593; x_wconf 91' lang='lat' dir='ltr'>paene</span> <span class='ocrx_word' id='word_1_216' title='bbox 824 3512 967 3584; x_wconf 88' lang='lat' dir='ltr'>remotus,</span> <span class='ocrx_word' id='word_1_217' title='bbox 997 3506 1072 3570; x_wconf 91' lang='lat' dir='ltr'>dum</span> <span class='ocrx_word' id='word_1_218' title='bbox 1094 3506 1266 3589; x_wconf 83' lang='lat' dir='ltr'>descendit3</span> <span class='ocrx_word' id='word_1_219' title='bbox 1294 3530 1400 3575; x_wconf 88' lang='lat' dir='ltr'>rursus</span> <span class='ocrx_word' id='word_1_220' title='bbox 1429 3532 1522 3595; x_wconf 92' lang='lat' dir='ltr'>quam</span> <span class='ocrx_word' id='word_1_221' title='bbox 1544 3512 1700 3578; x_wconf 89' lang='lat' dir='ltr'>celerrime</span> 
     </span>
     <span class='ocr_line' id='line_1_27' title="bbox 539 3616 1702 3705; baseline 0.006 -22"><span class='ocrx_word' id='word_1_222' title='bbox 539 3622 578 3684; x_wconf 89' lang='lat' dir='ltr'>fit</span> <span class='ocrx_word' id='word_1_223' title='bbox 606 3618 807 3703; x_wconf 88' lang='lat' dir='ltr'>conspicuus,</span> <span class='ocrx_word' id='word_1_224' title='bbox 836 3618 912 3681; x_wconf 92' lang='lat' dir='ltr'>dum</span> <span class='ocrx_word' id='word_1_225' title='bbox 939 3616 1077 3682; x_wconf 89' lang='lat' dir='ltr'>ascendit</span> <span class='ocrx_word' id='word_1_226' title='bbox 1101 3618 1136 3681; x_wconf 93' lang='lat' dir='ltr'>in</span> <span class='ocrx_word' id='word_1_227' title='bbox 1163 3618 1329 3705; x_wconf 89' lang='lat' dir='ltr'>pulpitum.</span> <span class='ocrx_word' id='word_1_228' title='bbox 1379 3622 1465 3699; x_wconf 84' lang='lat' dir='ltr'>Quod</span> <span class='ocrx_word' id='word_1_229' title='bbox 1491 3623 1562 3687; x_wconf 88' lang='lat' dir='ltr'>vide</span> <span class='ocrx_word' id='word_1_230' title='bbox 1593 3646 1633 3689; x_wconf 91' lang='grc'>11</span> <span class='ocrx_word' id='word_1_231' title='bbox 1660 3627 1702 3691; x_wconf 86' lang='grc'>111</span> 
     </span>
     <span class='ocr_line' id='line_1_28' title="bbox 537 3730 1701 3818; baseline 0.005 -22"><span class='ocrx_word' id='word_1_232' title='bbox 537 3732 624 3797; x_wconf 88' lang='grc'><strong>11111</strong></span> <span class='ocrx_word' id='word_1_233' title='bbox 650 3730 776 3796; x_wconf 88' lang='lat' dir='ltr'>modum</span> <span class='ocrx_word' id='word_1_234' title='bbox 804 3730 971 3795; x_wconf 90' lang='lat' dir='ltr'>ridiculum</span> <span class='ocrx_word' id='word_1_235' title='bbox 999 3736 1030 3795; x_wconf 90' lang='grc'>11</span> <span class='ocrx_word' id='word_1_236' title='bbox 1058 3730 1234 3797; x_wconf 88' lang='lat' dir='ltr'>absurdum.</span> <span class='ocrx_word' id='word_1_237' title='bbox 1277 3734 1375 3818; x_wconf 88' lang='lat' dir='ltr'>Atqui</span> <span class='ocrx_word' id='word_1_238' title='bbox 1412 3733 1574 3800; x_wconf 84' lang='lat' dir='ltr'>absurdius</span> <span class='ocrx_word' id='word_1_239' title='bbox 1606 3737 1701 3802; x_wconf 88' lang='lat' dir='ltr'>etiam</span> 
     </span>
     <span class='ocr_line' id='line_1_29' title="bbox 539 3841 1701 3931; baseline 0.003 -22"><span class='ocrx_word' id='word_1_240' title='bbox 539 3844 568 3909; x_wconf 91' lang='lat' dir='ltr'>si</span> <span class='ocrx_word' id='word_1_241' title='bbox 592 3842 747 3925; x_wconf 86' lang='lat' dir='ltr'>eregione</span> <span class='ocrx_word' id='word_1_242' title='bbox 769 3841 883 3927; x_wconf 91' lang='lat' dir='ltr'>pulpiti</span> <span class='ocrx_word' id='word_1_243' title='bbox 904 3841 1007 3906; x_wconf 91' lang='lat' dir='ltr'>nullas</span> <span class='ocrx_word' id='word_1_244' title='bbox 1028 3841 1124 3906; x_wconf 85' lang='lat' dir='ltr'>fuisse</span> <span class='ocrx_word' id='word_1_245' title='bbox 1145 3842 1241 3906; x_wconf 88' lang='lat' dir='ltr'>scalas</span> <span class='ocrx_word' id='word_1_246' title='bbox 1258 3850 1385 3924; x_wconf 88' lang='lat' dir='ltr'>statuas,</span> <span class='ocrx_word' id='word_1_247' title='bbox 1408 3846 1533 3912; x_wconf 87' lang='lat' dir='ltr'>chorum</span> <span class='ocrx_word' id='word_1_248' title='bbox 1555 3869 1625 3931; x_wconf 90' lang='lat' dir='ltr'>ergo</span> <span class='ocrx_word' id='word_1_249' title='bbox 1646 3856 1701 3913; x_wconf 91' lang='grc'>111</span> 
     </span>
     <span class='ocr_line' id='line_1_30' title="bbox 539 3950 1700 4043; baseline 0.005 -25"><span class='ocrx_word' id='word_1_250' title='bbox 539 3955 737 4020; x_wconf 81' lang='lat' dir='ltr'>dextrorsum</span> <span class='ocrx_word' id='word_1_251' title='bbox 770 3959 824 4017; x_wconf 91' lang='grc'>111</span> <span class='ocrx_word' id='word_1_252' title='bbox 856 3950 1065 4017; x_wconf 84' lang='lat' dir='ltr'>sinistrdrsum</span> <span class='ocrx_word' id='word_1_253' title='bbox 1087 3974 1277 4039; x_wconf 86' lang='lat' dir='ltr'>properasse,</span> <span class='ocrx_word' id='word_1_254' title='bbox 1310 3977 1360 4037; x_wconf 92' lang='lat' dir='ltr'>ac,</span> <span class='ocrx_word' id='word_1_255' title='bbox 1393 3957 1469 4021; x_wconf 90' lang='lat' dir='ltr'>dum</span> <span class='ocrx_word' id='word_1_256' title='bbox 1494 3958 1604 4023; x_wconf 88' lang='lat' dir='ltr'>circuit</span> <span class='ocrx_word' id='word_1_257' title='bbox 1629 3981 1700 4043; x_wconf 86' lang='lat' dir='ltr'>sug-</span> 
     </span>
     <span class='ocr_line' id='line_1_31' title="bbox 538 4062 1699 4155; baseline 0.003 -25"><span class='ocrx_word' id='word_1_258' title='bbox 538 4071 672 4150; x_wconf 87' lang='lat' dir='ltr'>gestum,</span> <span class='ocrx_word' id='word_1_259' title='bbox 695 4064 902 4151; x_wconf 89' lang='lat' dir='ltr'>spectantium</span> <span class='ocrx_word' id='word_1_260' title='bbox 923 4064 1024 4129; x_wconf 91' lang='lat' dir='ltr'>oeulos</span> <span class='ocrx_word' id='word_1_261' title='bbox 1046 4064 1169 4146; x_wconf 85' lang='lat' dir='ltr'>fugisse,</span> <span class='ocrx_word' id='word_1_262' title='bbox 1197 4068 1403 4155; x_wconf 89' lang='lat' dir='ltr'>temporisque</span> <span class='ocrx_word' id='word_1_263' title='bbox 1425 4062 1582 4154; x_wconf 90' lang='lat' dir='ltr'>aliquanto</span> <span class='ocrx_word' id='word_1_264' title='bbox 1603 4072 1699 4134; x_wconf 87' lang='lat' dir='ltr'>inter-</span> 
     </span>
     <span class='ocr_line' id='line_1_32' title="bbox 538 4175 1699 4267; baseline 0.002 -25"><span class='ocrx_word' id='word_1_265' title='bbox 538 4178 645 4255; x_wconf 86' lang='lat' dir='ltr'>misso,</span> <span class='ocrx_word' id='word_1_266' title='bbox 668 4176 780 4240; x_wconf 85' lang='lat' dir='ltr'>alteras</span> <span class='ocrx_word' id='word_1_267' title='bbox 801 4175 916 4260; x_wconf 89' lang='lat' dir='ltr'>pulpiti</span> <span class='ocrx_word' id='word_1_268' title='bbox 938 4175 1035 4239; x_wconf 90' lang='lat' dir='ltr'>scalas</span> <span class='ocrx_word' id='word_1_269' title='bbox 1058 4175 1134 4239; x_wconf 92' lang='lat' dir='ltr'>dum</span> <span class='ocrx_word' id='word_1_270' title='bbox 1155 4179 1300 4258; x_wconf 88' lang='lat' dir='ltr'>ascendit,</span> <span class='ocrx_word' id='word_1_271' title='bbox 1328 4182 1528 4267; x_wconf 91' lang='lat' dir='ltr'>conspicuum</span> <span class='ocrx_word' id='word_1_272' title='bbox 1549 4203 1614 4246; x_wconf 91' lang='lat' dir='ltr'>esse</span> <span class='ocrx_word' id='word_1_273' title='bbox 1636 4183 1699 4245; x_wconf 85' lang='lat' dir='ltr'>lac-</span> 
     </span>
     <span class='ocr_line' id='line_1_33' title="bbox 537 4284 1699 4371; baseline 0.003 -18"><span class='ocrx_word' id='word_1_274' title='bbox 537 4298 618 4355; x_wconf 92' lang='lat' dir='ltr'>tum.</span> <span class='ocrx_word' id='word_1_275' title='bbox 664 4286 753 4351; x_wconf 90' lang='lat' dir='ltr'>Hanc</span> <span class='ocrx_word' id='word_1_276' title='bbox 780 4285 985 4350; x_wconf 88' lang='lat' dir='ltr'>miserrimam</span> <span class='ocrx_word' id='word_1_277' title='bbox 1013 4284 1139 4370; x_wconf 88' lang='lat' dir='ltr'>depinxi</span> <span class='ocrx_word' id='word_1_278' title='bbox 1168 4289 1339 4355; x_wconf 90' lang='lat' dir='ltr'>orchestrae</span> <span class='ocrx_word' id='word_1_279' title='bbox 1372 4294 1590 4371; x_wconf 89' lang='lat' dir='ltr'>conditionem,</span> <span class='ocrx_word' id='word_1_280' title='bbox 1624 4294 1699 4357; x_wconf 89' lang='lat' dir='ltr'>item</span> 
     </span>
     <span class='ocr_line' id='line_1_34' title="bbox 537 4396 1700 4490; baseline 0.003 -25"><span class='ocrx_word' id='word_1_281' title='bbox 537 4398 756 4476; x_wconf 87' lang='lat' dir='ltr'>miserrimam,</span> <span class='ocrx_word' id='word_1_282' title='bbox 779 4398 843 4462; x_wconf 90' lang='lat' dir='ltr'>sive</span> <span class='ocrx_word' id='word_1_283' title='bbox 865 4398 941 4462; x_wconf 90' lang='lat' dir='ltr'>duos</span> <span class='ocrx_word' id='word_1_284' title='bbox 962 4396 1028 4463; x_wconf 91' lang='lat' dir='ltr'>sive</span> <span class='ocrx_word' id='word_1_285' title='bbox 1049 4418 1148 4463; x_wconf 90' lang='lat' dir='ltr'>unum</span> <span class='ocrx_word' id='word_1_286' title='bbox 1170 4400 1235 4464; x_wconf 91' lang='lat' dir='ltr'>sive</span> <span class='ocrx_word' id='word_1_287' title='bbox 1257 4402 1393 4488; x_wconf 91' lang='lat' dir='ltr'>quinque</span> <span class='ocrx_word' id='word_1_288' title='bbox 1414 4405 1506 4490; x_wconf 91' lang='lat' dir='ltr'>pedes</span> <span class='ocrx_word' id='word_1_289' title='bbox 1521 4426 1589 4468; x_wconf 89' lang='lat' dir='ltr'>eam</span> <span class='ocrx_word' id='word_1_290' title='bbox 1603 4405 1700 4469; x_wconf 91' lang='lat' dir='ltr'>altam</span> 
     </span>
     <span class='ocr_line' id='line_1_35' title="bbox 536 4507 1698 4597; baseline 0.006 -21"><span class='ocrx_word' id='word_1_291' title='bbox 536 4511 634 4576; x_wconf 84' lang='lat' dir='ltr'>fuisse</span> <span class='ocrx_word' id='word_1_292' title='bbox 655 4515 756 4595; x_wconf 88' lang='lat' dir='ltr'>putas.</span> <span class='ocrx_word' id='word_1_293' title='bbox 800 4509 905 4594; x_wconf 92' lang='lat' dir='ltr'>Neque</span> <span class='ocrx_word' id='word_1_294' title='bbox 927 4507 1076 4574; x_wconf 87' lang='lat' dir='ltr'>adiuvant</span> <span class='ocrx_word' id='word_1_295' title='bbox 1097 4511 1231 4590; x_wconf 89' lang='lat' dir='ltr'>omnino,</span> <span class='ocrx_word' id='word_1_296' title='bbox 1256 4514 1310 4597; x_wconf 91' lang='lat' dir='ltr'>qui</span> <span class='ocrx_word' id='word_1_297' title='bbox 1339 4515 1376 4578; x_wconf 91' lang='lat' dir='ltr'>de</span> <span class='ocrx_word' id='word_1_298' title='bbox 1398 4515 1455 4579; x_wconf 90' lang='lat' dir='ltr'>hac</span> <span class='ocrx_word' id='word_1_299' title='bbox 1477 4516 1590 4580; x_wconf 89' lang='lat' dir='ltr'>theatri</span> <span class='ocrx_word' id='word_1_300' title='bbox 1612 4517 1698 4583; x_wconf 92' lang='lat' dir='ltr'>attici</span> 
     </span>
     <span class='ocr_line' id='line_1_36' title="bbox 535 4622 1697 4712; baseline 0.006 -23"><span class='ocrx_word' id='word_1_301' title='bbox 535 4629 628 4712; x_wconf 89' lang='lat' dir='ltr'>parte</span> <span class='ocrx_word' id='word_1_302' title='bbox 663 4642 719 4688; x_wconf 89' lang='lat' dir='ltr'>nos</span> <span class='ocrx_word' id='word_1_303' title='bbox 753 4622 1044 4703; x_wconf 84' lang='lat' dir='ltr'>commonefaciunt,</span> <span class='ocrx_word' id='word_1_304' title='bbox 1080 4643 1173 4708; x_wconf 88' lang='lat' dir='ltr'>quare</span> <span class='ocrx_word' id='word_1_305' title='bbox 1201 4647 1306 4693; x_wconf 86' lang='lat' dir='ltr'>eorum</span> <span class='ocrx_word' id='word_1_306' title='bbox 1339 4628 1445 4709; x_wconf 88' lang='lat' dir='ltr'>verba,</span> <span class='ocrx_word' id='word_1_307' title='bbox 1479 4628 1697 4711; x_wconf 77' lang='grc'><strong>1111111111,</strong></span> 
     </span>
    </p>
   </div>
   <div class='ocr_carea' id='block_1_5' title="bbox 0 0 2246 5467">
    <p class='ocr_par' dir='ltr' id='par_1_5' title="bbox 0 0 2246 5467">
     <span class='ocr_line' id='line_1_37' title="bbox 0 0 2246 5467; baseline 0 2"><span class='ocrx_word' id='word_1_308' title='bbox 0 0 2246 5467; x_wconf 95' lang='lat' dir='ltr'> </span> 
     </span>
    </p>
   </div>
  </div>
 </body>
</html>
