4484 5467
1014 661 1209 719 ΣΦΗΚΕΣ

1530 699 1533 706 -
1630 664 1692 727 211

691 841 857 928 Εὐεργίδης
880 840 930 927 αἶρ’
955 840 1018 903 ἐστί
1040 861 1099 901 που
1121 835 1238 901 ’suddit‘
1263 836 1282 919 ἢ
1307 834 1413 922 Χάβης
1437 836 1454 898 δ
1479 836 1616 912 Φλυεύς;

690 952 818 1039 πάρεσθ’
844 953 922 1035 ὃδὴ
948 948 1052 1015 λοιπόν
1075 949 1106 1033 η’
1134 948 1179 1013 ἔτ’
1205 949 1293 1027 ἐστὶν,
1317 948 1467 1023 ἀππαπαῖ,
1489 950 1633 1023 παπαιάξ,

691 1067 770 1152 ἥβης
792 1064 917 1148 ἐκείνης,
940 1062 1020 1145 ἡνίκ’
1047 1064 1077 1124 ἐν
1102 1059 1260 1143 Βυζαντίῳ
1285 1060 1414 1143 ξυνῆμεν
1505 1096 1508 1102 -

690 1174 873 1262 φρουροῦντ’
898 1176 959 1258 ἐγώ
980 1198 1012 1238 τε
1034 1175 1084 1237 καὶ
1107 1170 1158 1234 σίν·
1190 1167 1267 1255 κᾷτα
1295 1173 1511 1255 περιπατοῦντε
1531 1169 1649 1256 νύκτωρ

690 1293 744 1371 τῆς
767 1287 972 1372 ἀρτοπώλιδος
995 1282 1118 1349 λαθόντ’
1145 1280 1313 1366 ἐκλέψαμεν
1337 1281 1387 1344 τὸν
1412 1279 1523 1365 ὅλμον·

692 1396 766 1485 κᾷθ’
793 1400 914 1483 ἥψομεν
937 1400 991 1460 τοῦ
1016 1392 1177 1481 κορκόρου,
1199 1392 1434 1477 κατασχίσαντες
1456 1392 1555 1457 αὐτόν.

571 1708 596 1743 ν.
610 1691 669 1743 235.
705 1688 791 1743 λοιπὸν
815 1688 852 1741 ἔτ’
876 1688 940 1740 ἐστίν
960 1687 989 1737 li.
1013 1689 1039 1737 et
1058 1684 1120 1736 Ven.
1139 1698 1190 1735 sec.
1210 1682 1271 1736 Oob.
1296 1684 1306 1745 (
1326 1682 1332 1702 '
1351 1681 1388 1734 ἔτ’
1407 1682 1472 1735 ἔστιν
1492 1686 1522 1736 R.
1541 1700 1592 1738 sec.
1611 1684 1701 1749 Bekk.)

609 1805 642 1812 —
665 1774 702 1827 ἔτ’
727 1790 775 1826 om.
806 1773 862 1825 Vat.
889 1772 917 1823 P.
946 1770 1002 1822 nlo.
1031 1769 1095 1820 lunt.
1119 1768 1137 1819 l.
1165 1766 1179 1819 δ
1205 1767 1292 1820 λοιπὸν
1315 1766 1354 1819 ἔτ’
1373 1767 1445 1833 ἔστιν,
1469 1769 1591 1833 άπαππαλ,
1613 1772 1701 1832 παπαὶ,

609 1857 740 1919 παπταιάξ
756 1859 823 1911 Iunt.
841 1853 950 1929 πάρεσθ’
974 1852 1036 1925 δδῆ
1055 1852 1142 1904 λοιπόν
1161 1852 1187 1921 γ’
1206 1851 1243 1904 ἔτ’
1267 1851 1319 1904 ἔστ’
1338 1853 1447 1916 ἀπαπαί,
1470 1857 1562 1916 παπαὶ,
1584 1855 1703 1919 παπαιάξ,

609 1947 679 2014 atqui
701 1946 728 1996 in
752 1948 835 1995 textu:
859 1942 873 1994 δ
894 1939 980 1994 λοιπόν
1005 1939 1069 1991 ἐστιν
1091 1937 1212 2001 Brunek.;
1234 1936 1248 1989 ὃ
1269 1936 1301 2007 δη
1319 1936 1406 1990 λοιπὸν
1425 1937 1462 1990 ἔτ’
1480 1939 1558 2004 ἐστὶν,
1578 1942 1701 2005 άππαπαὶ,

608 2029 720 2092 παπαιάξ
742 2032 849 2093 invem,
871 2030 908 2081 ita
928 2027 1054 2094 llirsobig.
1078 2026 1128 2076 nisi
1151 2024 1218 2092 quod
1243 2024 1368 2077 ἀππαπαῖ.
1399 2024 1494 2091 Reisig.
1519 2025 1591 2080 Coni.
1609 2044 1634 2096 p.
1653 2028 1702 2081 231

610 2119 652 2182 (of.
671 2135 696 2186 p.
718 2117 788 2181 120):
814 2115 828 2168 δ
851 2115 882 2187 δὴ
906 2113 992 2167 λοιπόν
1017 2113 1043 2183 γ’
1063 2110 1097 2164 ἔτ’
1126 2109 1204 2173 ἐστίν,
1226 2111 1262 2162 ita
1286 2110 1400 2163 Dindori.
1419 2110 1526 2163 Bekker.
1544 2112 1636 2181 Bergk.
1655 2115 1705 2167 Do·

612 2204 702 2256 braeus
724 2206 750 2256 in
775 2202 853 2255 non:
877 2202 960 2270 „Lege
984 2200 997 2253 θ
1020 2200 1051 2272 δὴ
1079 2198 1128 2252 ’στλ
1149 2197 1251 2261 λοιπὸν,
1275 2198 1315 2250 vel
1336 2196 1350 2249 δ
1371 2196 1458 2251 λοιπόν
1482 2198 1533 2251 ἐστι
1552 2200 1597 2271 δῆ,
1615 2209 1704 2266 παπαῖ,

610 2296 699 2351 παπαῖ,
721 2284 858 2348 παπαιάξ.“
894 2286 979 2338 Possit
1002 2284 1079 2336 etiam
1103 2282 1116 2335 δ
1134 2282 1221 2335 λοιπὸν
1240 2282 1278 2335 ἔτ’
1297 2283 1349 2336 ἐστὶ
1366 2282 1406 2355 δή,
1425 2292 1508 2338 παπαῖ
1523 2290 1572 2339 ete.
1596 2286 1704 2339 Bentlei.

614 2374 630 2427 ά
648 2373 737 2428 παπαί.

576 2478 600 2513 ν.
614 2460 672 2513 237.
709 2462 902 2533 περιπατοῦντες
920 2458 977 2511 Alo.
995 2457 1086 2510 Iunt.l
1104 2460 1185 2510 metro
1204 2457 1320 2525 neglecto
1337 2461 1363 2509 et
1380 2472 1455 2509 uersu
1472 2458 1706 2527 sequentemque

613 2551 652 2599 est
671 2543 793 2599 baddone:
812 2561 964 2614 quamquam
981 2547 1085 2614 propter
1103 2543 1170 2595 idem
1188 2548 1297 2597 metrum
1314 2559 1373 2596 mox
1390 2543 1595 2617 κατασχίσαντες.

578 2651 602 2685 ν.
616 2631 674 2686 239.
711 2631 814 2703 ἥψομεν
840 2630 872 2684 λ’.
899 2630 983 2698 vulgo.
1014 2628 1147 2700 ἥψέσαμεν
1166 2628 1292 2681 Reiskius.
1327 2629 1389 2681 Post
1417 2629 1584 2695 Brunekium,
1605 2631 1650 2700 qui
1672 2637 1709 2685 ta·

614 2735 672 2772 men
690 2719 779 2772 aoristi
797 2718 904 2772 formam
922 2732 979 2770 esse
997 2716 1070 2781 dixit,
1087 2716 1197 2789 ἥψομεν.

596 2962 620 2997 ν.
639 2942 697 2996 234.
728 2940 816 3013 Χάβης
834 2938 848 2993 δ
866 2938 973 2999 diocte.
999 2941 1102 2992 Monen-

544 3032 618 3094 dum,
641 3044 729 3082 canem
757 3031 845 3097 postea
868 3026 990 3095 appellari
1015 3024 1102 3097 Λάβης

544 3135 569 3171 v.
588 3115 646 3169 836.
665 3114 707 3166 Ad
730 3109 828 3170 Φλυεὺς
845 3112 924 3164 schol.
945 3116 993 3181 τῆς
1011 3108 1103 3164 Πτολε-

544 3201 635 3272 μαίδος
648 3199 731 3272 φυλῆς
743 3197 825 3268 δῆμος
837 3197 853 3269 ἥ
867 3194 952 3269 Φλίιη,
971 3198 1010 3250 vel
1023 3195 1104 3261 Φλυά,

544 3290 577 3343 cf.
597 3288 681 3339 Leuke
697 3286 793 3337 Demen
811 3301 836 3353 p.
849 3283 907 3335 234.
937 3282 1021 3335 Etiam
1034 3284 1105 3351 Stry-

1204 2956 1228 2991 ν.
1246 2939 1305 2991 238.
1341 2938 1487 2992 Notandum
1509 2938 1614 2994 λαθόντ’
1640 2944 1710 2998 ἐκλέ-

1154 3024 1237 3096 ψαμεν
1250 3040 1297 3093 pro
1310 3024 1408 3090 vulgari
1425 3023 1564 3094 κλέψαντες
1575 3025 1709 3100 ἐλάθομεν.

1205 3110 1266 3163 ibid.
1295 3109 1339 3162 τὸν
1352 3107 1444 3178 bipes:
1465 3110 1545 3163 schol.
1563 3111 1599 3171 ὡς
1611 3112 1711 3173 ξυλίνου

1154 3196 1227 3255 ὄντος
1244 3200 1289 3248 τοῦ
1307 3193 1397 3265 δλμου.
1423 3196 1455 3249 ef.
1473 3196 1507 3247 ad
1523 3213 1547 3249 ν.
1566 3196 1624 3250 201.

1207 3298 1230 3336 ν.
1249 3282 1307 3337 239.
1337 3281 1451 3354 ἥψομενι
1469 3280 1501 3334 of.
1513 3281 1591 3335 Dobr.
1605 3285 1710 3340 Advers.

544 3374 666 3428 modorus
685 3370 887 3423 nebarnensium
904 3369 1037 3437 Phiyeusis
1054 3371 1101 3433 est,
1152 3370 1186 3422 ad
1214 3371 1238 3422 b.
1260 3387 1284 3422 ν.
1312 3373 1337 3422 et
1363 3368 1439 3420 Dind.
1465 3368 1602 3440 κορκόρυυι
1632 3373 1710 3427 schol.

545 3475 628 3529 neque
651 3459 734 3510 iacere
754 3471 872 3525 possum,
893 3455 954 3524 quin
971 3453 1103 3508 Oomioum

546 3546 619 3599 verbi
653 3543 772 3616 φλυαρεῖν
813 3542 978 3610 ambiguitate
1012 3540 1104 3593 lusisse

547 3631 660 3685 credam.
708 3628 750 3681 Ad
790 3627 829 3700 ἄρ’
868 3627 900 3680 oi.
930 3626 1015 3678 Herm.
1045 3626 1104 3694 Vig.

547 3735 573 3786 p.
604 3715 663 3768 489.
694 3714 745 3767 789
775 3717 801 3765 et
824 3713 856 3765 ad
884 3712 962 3781 Sopb.
991 3711 1052 3764 (λιτά.
1077 3710 1104 3764 Ο.

547 3820 587 3872 pr.
606 3800 690 3853 xvii.

601 3904 625 3939 v.
645 3885 704 3938 236.
735 3884 801 3957 ἥβης
819 3884 923 3957 ἐκείνης.
952 3884 1021 3936 Reis.
1035 3883 1107 3937 Geni.

548 3991 574 4043 p.
590 3973 639 4026 184
650 3973 830 4039 interpungere
842 3971 938 4023 mavult
954 3969 1028 4043 ἥβης,
1046 3969 1109 4022 ἐκεί·

548 4079 595 4132 νης
618 4057 695 4130 ἡνίκ’.
729 4058 789 4111 Non
806 4058 843 4109 ita
859 4056 967 4109 multum
988 4056 1072 4109 differt
1093 4074 1109 4110 a

548 4146 662 4213 vulgata,
679 4144 749 4212 quod
761 4143 907 4196 adsensum
920 4144 1021 4207 attinet;
1039 4144 1110 4212 atqui

548 4231 685 4284 verborum
698 4229 886 4283 distinctionem
898 4229 974 4281 talem
987 4229 1109 4297 exemplis

549 4316 700 4371 confirmare
718 4316 834 4369 debebat.

603 4402 666 4455 ibid.
690 4402 716 4454 ἐν
729 4398 876 4473 Βυξαντίιρι
894 4402 1052 4457 obsidionem
1060 4401 1112 4470 By·

550 4490 630 4542 zantii
644 4493 743 4557 septem
755 4491 782 4541 et
794 4488 963 4557 quadraginta
972 4490 1044 4541 annis
1053 4491 1112 4540 ante

551 4575 719 4628 didaseabam
728 4575 871 4643 Vesparum
883 4574 977 4627 factam
990 4589 1046 4626 esse
1058 4590 1112 4627 mo-

552 4662 608 4715 nuit
620 4661 696 4714 Diod.
715 4661 772 4715 coll.
785 4660 900 4728 Tbuoyd.
918 4661 938 4725 1,
951 4660 992 4714 94.

1153 3456 1265 3528 λάχανόν
1283 3474 1307 3508 τι
1325 3455 1409 3527 ἄγριον
1427 3455 1482 3519 [καὶ
1498 3454 1607 3521 εδτελὲς]
1625 3458 1651 3511 ἐν
1665 3457 1712 3513 [le-

1154 3542 1315 3613 λοποννῆσιρ,
1343 3540 1380 3599 ὡς
1401 3541 1459 3608 (leg.
1478 3536 1547 3605 ὅθεν)
1569 3542 1612 3596 καλ
1629 3544 1645 3615 ἥ
1665 3565 1712 3599 πα·

1155 3629 1253 3701 ροιμία·
1270 3629 1314 3680 καὶ
1325 3627 1448 3700 κάρκοροτ
1460 3625 1485 3678 ἐν
1498 3626 1651 3700 λαχάνοισιν,
1670 3635 1712 3696 (ci.

1156 3714 1293 3782 Hephaest.
1311 3730 1336 3782 p.
1349 3713 1401 3777 46).
1419 3713 1506 3781 Ipsum
1525 3714 1572 3767 boo
1590 3715 1713 3779 εδτελείας

1158 3800 1342 3868 pristinaeque,
1365 3814 1430 3868 quae
1453 3803 1508 3851 tum
1530 3802 1618 3868 periit,
1636 3805 1715 3859 absti-

1159 3884 1259 3937 nentiae
1283 3886 1398 3953 signum,
1421 3885 1489 3953 quod
1506 3886 1628 3940 vilissimo
1646 3891 1713 3945 olere

1158 3970 1228 4024 vesei
1238 3972 1350 4023 contenti
1358 3972 1467 4024 fuerimt.
1480 3972 1618 4028 Proverbio
1629 3980 1712 4029 autem

1159 4060 1285 4111 nostrates
1303 4062 1408 4110 utuntur
1425 4058 1509 4122 simili,
1533 4062 1573 4111 ut:
1600 4060 1716 4114 Vnkraut

1159 4146 1233 4195 unter
1241 4142 1298 4194 dem
1311 4143 1423 4208 Waizen‚
1441 4143 1493 4195 vei:
1505 4144 1670 4200 bidusedreek
1681 4149 1716 4201 im

1160 4228 1259 4294 Pieifer,
1276 4230 1316 4282 vei
1328 4230 1416 4282 etiam:
1435 4229 1497 4281 Saul
1509 4232 1583 4283 unter
1594 4231 1643 4284 den
1655 4232 1717 4286 Pro·

1159 4316 1260 4385 pheten.

1213 4402 1274 4454 ibid.
1309 4402 1506 4476 κατασχίσαντες
1523 4402 1555 4454 de
1573 4401 1633 4456 fisso
1652 4420 1718 4459 mor·

1161 4489 1227 4541 tario
1244 4488 1327 4556 ligneo
1344 4488 1535 4555 intelligendum
1553 4492 1600 4551 est,
1619 4504 1669 4543 non
1686 4493 1717 4546 de

1163 4575 1242 4638 olere,
1269 4577 1297 4626 ut
1314 4575 1380 4626 Flos.
1398 4574 1457 4625 Chr.
1479 4574 1610 4641 exposuit,
1636 4579 1717 4632 scisso

1162 4662 1277 4729 interque
1295 4661 1415 4713 convivas
1432 4659 1496 4713 duos
1514 4659 1657 4716 distributo.

1515 4745 1566 4799 tt·
