4484 5467
925 1396 1328 1531 ΣΦΗΚΕΣ.

877 1977 1082 2045 ΣΩΣΙΑΣ.
1127 1979 1375 2046 ΞΑΝΘΙΑΣ.

1062 2200 1190 2257 ΣΩΣῙΑΣ.

704 2292 810 2373 Οὗτος,
832 2297 862 2359 τί
883 2299 1018 2383 πάσχεις,
1043 2298 1067 2359 ὦ
1091 2298 1276 2383 κακόδαιμον
1299 2297 1429 2374 Ξανδία;

1044 2424 1201 2481 ΞΑΝΘΙΑΣ.

702 2521 839 2605 φυλακὴν
862 2522 1018 2586 καταλύειν
1041 2524 1213 2608 νυκτερινὴν
1238 2524 1427 2607 διδάσκομαι.

595 2751 619 2786 ν.
640 2734 663 2787 l.
694 2729 781 2798 Οὗτος,
799 2734 825 2786 τί
840 2735 956 2808 πάσχεις
972 2735 1099 2804 Frequen-
1148 2740 1233 2789 tamen
1256 2736 1401 2800 deservis,
1428 2733 1517 2799 credo,
1545 2732 1611 2802 quod
1638 2733 1706 2785 serri

542 2823 582 2872 ter
599 2820 663 2871 haec
680 2821 757 2872 verba
775 2820 843 2888 apud
861 2820 992 2873 domicum
1014 2836 1100 2873 occur·
1149 2825 1216 2885 sunt,
1228 2824 1372 2888 usurpatur,
1385 2820 1417 2874 cl.
1426 2819 1472 2887 Eq.
1483 2820 1506 2871 7.
1517 2820 1581 2871 Ran.
1594 2816 1636 2871 33.
1648 2816 1704 2870 196.

541 2909 602 2957 runt
620 2905 652 2956 dc
670 2908 739 2957 statu
755 2906 864 2958 hominis
882 2905 1003 2973 quodam,
1025 2922 1099 2974 quem
1200 2922 1224 2959 v.
1242 2906 1266 2957 2.
1296 2904 1413 2976 φυλακὴν
1431 2903 1564 2956 καταλὺειν
1583 2905 1609 2954 ct
1626 2901 1705 2970 negli-

542 2991 645 3059 quidcm
664 2991 900 3057 animadvertimus,
921 2992 993 3044 cuius
1014 2994 1100 3044 tamen
1149 3006 1208 3059 gere
1226 2996 1265 3044 est
1282 2991 1323 3045 rel
1334 2991 1472 3043 dissolvere
1489 2988 1630 3042 custodiam
1648 2988 1705 3039 dor-

542 3092 660 3129 caussam
670 3077 782 3129 nondum
791 3078 854 3129 satis
863 3078 1035 3145 intelligimus.
1061 3077 1100 3129 Ita
1148 3077 1258 3142 miendo,
1275 3077 1353 3130 schol.
1373 3070 1585 3146 ἀποκοιμηθῆναι,
1603 3077 1630 3125 et
1646 3088 1704 3140 pro-

542 3164 617 3216 Arib.
641 3164 708 3215 1044
732 3163 797 3231 legis
819 3163 884 3215 lator
906 3179 921 3214 a
942 3162 1100 3214 Pisthetacro
1150 3162 1237 3231 lugere
1254 3179 1286 3215 ex
1307 3162 1435 3226 custodia,
1456 3160 1535 3213 schol.
1557 3156 1702 3210 καταλιπεῖν

541 3250 607 3303 male
617 3249 742 3302 mulcatus
751 3247 944 3312 clamatzor‘rroc,
953 3246 1100 3320 τίπάσχεις;
1148 3248 1195 3320 τὴν
1213 3246 1290 3308 τάξιν.
1321 3248 1432 3300 Auctore
1449 3244 1585 3298 Aristotele
1603 3242 1657 3294 Pol.
1669 3242 1702 3306 V,

541 3337 558 3389 i.
576 3352 599 3389 e.
618 3351 669 3388 was
691 3334 752 3387 ficht
772 3334 829 3387 diclr
847 3351 891 3399 an,
912 3349 964 3386 was
986 3333 1043 3385 fallt
1060 3332 1100 3385 dir
1149 3332 1174 3397 8,
1191 3350 1266 3402 quem
1283 3337 1342 3403 post
1359 3332 1507 3403 Berglerum
1523 3329 1633 3382 editores
1649 3328 1703 3380 lau-

540 3424 598 3474 cin?
618 3421 679 3489 Lys.
698 3420 748 3473 880
766 3419 879 3473 Oinesias
897 3420 973 3471 matri
989 3419 1100 3471 immise·
1149 3418 1249 3484 darunt,
1262 3420 1340 3471 uerbo
1353 3417 1485 3491 φυλάττειν
1499 3415 1644 3484 oppositum
1656 3417 1703 3479 cst,

538 3506 646 3559 ricordiz
664 3503 737 3579 αὕτη,
748 3504 774 3557 τί
783 3506 898 3578 πάσχεις;
912 3504 949 3559 Of.
961 3505 1029 3559 Nub.
1039 3504 1098 3560 662.
1148 3506 1165 3559 i.
1183 3520 1205 3557 e.
1223 3504 1393 3573 negligentem
1409 3504 1450 3555 vel
1467 3500 1598 3555 socordem
1615 3500 1642 3552 iu
1659 3515 1702 3552 cu-

539 3592 599 3646 708.
618 3592 677 3645 814.
698 3591 758 3645 Pac.
776 3591 835 3645 322.
853 3590 912 3645 383.
942 3591 1026 3643 lltiam
1043 3592 1098 3644 sine
1148 3590 1280 3643 studiendo
1293 3605 1358 3654 esse,
1375 3593 1441 3641 tum:
1460 3586 1590 3641 custodiae
1601 3589 1702 3654 tempus

538 3677 714 3746 interrogandi
731 3677 805 3745 signo
823 3677 889 3729 hunc
906 3677 1098 3729 sensumhabct
1147 3676 1312 3744 negligentia,
1338 3676 1354 3728 i.
1376 3691 1398 3729 e.
1428 3688 1520 3743 sopore
1545 3686 1701 3725 consumere.

539 3765 600 3817 Pac.
618 3763 678 3817 446.
696 3762 754 3816 696.
778 3760 871 3815 Ooutra
893 3778 971 3830 quum
991 3763 1097 3815 interro-
1146 3761 1200 3813 Iam
1217 3777 1285 3826 vero,
1303 3777 1380 3830 quum
1397 3759 1530 3813 καταλὺειν
1546 3758 1566 3809 ii
1577 3757 1702 3821 dicantur,

538 3854 615 3920 gatur
629 3854 685 3907 πῶς
697 3848 773 3922 ἔχεις
791 3852 819 3900 ut
831 3847 877 3915 Eq.
890 3848 914 3912 7,
927 3851 1022 3900 statum
1033 3849 1096 3912 eius,
1147 3848 1191 3914 qui
1211 3852 1270 3916 post
1295 3847 1345 3899 diei
1368 3848 1417 3899 iter
1439 3845 1471 3897 ad
1497 3859 1636 3912 cauponem
1659 3844 1702 3895 de·

538 3938 584 4006 qui
600 3937 784 4003 interrogatur,
799 3934 954 4002 ignoramus.
973 3962 1007 3969 -
1025 3932 1097 3985 Oete·
1145 3935 1290 3998 vertuntur,
1311 3932 1400 3985 codem
1418 3945 1495 3985 seusu
1512 3944 1579 3981 nunc
1596 3931 1700 3982 verbum

537 4038 595 4074 rum
605 4021 637 4073 ad
647 4021 724 4073 rerba
736 4036 855 4088 compara
863 4020 930 4072 Nub.
940 4017 1003 4071 732:
1016 4018 1096 4082 οὗτος,
1145 4019 1183 4070 uti
1201 4017 1316 4083 dixerim,
1332 4019 1349 4072 i.
1362 4034 1384 4070 e.
1397 4033 1430 4069 ex
1446 4014 1562 4068 custodia
1578 4019 1701 4067 nocturna

537 4104 681 4172 καδεὺδεις;
708 4105 775 4175 quod
801 4105 869 4158 idem
891 4104 953 4156 dicit
978 4103 1096 4157 Cratinus
1146 4104 1225 4171 quieti
1242 4119 1269 4156 se
1288 4104 1356 4158 dare.
1391 4102 1464 4167 Quod
1481 4116 1559 4170 quum
1573 4099 1700 4152 Xanthias

538 4210 579 4263 ap.
593 4193 712 4262 Apollon.
730 4192 761 4245 de
778 4206 893 4260 prouom.
910 4206 935 4258 p.
948 4188 999 4242 285
1016 4189 1095 4243 Beklr.
1146 4192 1204 4241 ante
1242 4193 1342 4258 tempus
1377 4188 1546 4257 periclitetur,
1578 4185 1701 4252 speciem·

537 4280 614 4333 llein.
624 4277 686 4333 ΟΠ
702 4294 729 4346 p.
738 4277 881 4347 51.Berglr.
890 4276 946 4329 Rel.
957 4274 984 4328 G.
996 4291 1022 4343 p.
1032 4274 1094 4339 2743
1145 4291 1194 4343 que
1211 4276 1410 4329 dormiturientis
1427 4271 1563 4341 praebeat,
1585 4268 1700 4321 διδάσκο-

536 4366 604 4418 infra
616 4381 641 4418 ν.
653 4363 716 4417 3952
733 4362 814 4428 οὖτος,
832 4361 934 4435 ἐγείρου,
951 4361 1050 4414 similia.
1061 4388 1094 4397 -
1144 4379 1201 4430 μαι,
1226 4362 1261 4413 ait
1278 4360 1484 4429 expergefactus,
1502 4355 1581 4408 doceo
1598 4358 1699 4420 memet,

537 4449 710 4519 κακόδαιμον,
726 4453 755 4502 ut
769 4449 800 4503 de
817 4449 934 4502 omnibus
950 4447 1093 4499 fabularum
1143 4446 1227 4513 disco;
1254 4451 1282 4500 ut
1308 4447 1376 4501 Nub.
1404 4444 1461 4497 lll.
1489 4442 1546 4495 194.
1569 4440 1616 4507 Eq.
1639 4439 1699 4496 401.

537 4536 655 4606 personis
672 4535 723 4588 dici
747 4536 849 4589 iusserit
869 4537 957 4604 poeta,
982 4534 1091 4587 maxime
1141 4531 1208 4586 Plut.
1225 4532 1284 4588 473.

1511 4611 1543 4672 la
