4484 5467
649 617 693 672 nu
710 617 881 672 IVDIOIBVS
899 613 1157 673 Axunuluusivu
1175 622 1354 688 REBVSQVE
1372 622 1599 677 IVDICIALIBVS
1641 624 1702 689 123

538 810 642 878 posse,
665 795 697 856 et
717 791 789 862 τοὺς
812 794 1000 877 δρυφάκτους
1021 797 1052 875 et
1073 794 1128 877 τὴν
1152 796 1297 878 κιγκλίδα,
1319 817 1416 881 quum
1437 796 1521 882 apud
1535 795 1704 863 Homerum

540 902 723 990 saepissime
745 902 819 967 haee
840 902 952 967 ianuae
974 903 1156 985 significatio
1179 906 1337 987 obveniat3
1359 908 1523 993 ipsumque
1544 908 1623 973 illud
1645 908 1702 974 Co-

540 1014 617 1080 mici
647 1016 695 1080 διὰ
716 1019 776 1079 τῶν
807 1015 936 1080 σανίδων
965 1019 1131 1099 utrumque
1159 1019 1318 1101 permittat
1351 1019 1531 1103 intelligere.
1575 1020 1701 1086 Lexioo·

541 1126 667 1214 graphi,
690 1147 765 1212 quos
788 1126 930 1210 equidem
952 1127 1088 1212 inspexi,
1118 1127 1156 1191 de
1178 1129 1235 1193 hae
1257 1130 1380 1214 quidem
1409 1135 1469 1197 τῶν
1501 1133 1630 1198 σανίδων
1659 1134 1700 1197 si-

540 1237 738 1322 gnificatione
763 1237 843 1301 nihil
865 1238 1002 1302 tradunt.
1037 1237 1116 1310 Τοὺς
1139 1243 1327 1327 δρυφάκτους
1349 1248 1452 1308 autem
1474 1243 1588 1328 pariter
1609 1249 1701 1331 atque

540 1354 597 1436 τὴν
621 1351 765 1435 κιγκλίδα,
787 1370 884 1434 quum
908 1352 1024 1423 σανίδες
1046 1350 1248 1436 appellentur,
1271 1353 1387 1436 ligneos
1410 1354 1504 1419 luisse
1525 1375 1628 1440 perse
1646 1376 1701 1441 ep-

539 1469 639 1548 paret.
681 1461 729 1527 lle
756 1462 852 1526 altera
879 1462 963 1525 verbi
989 1462 1211 1545 significatione
1240 1464 1420 1530 scholiastae
1443 1472 1475 1529 et
1495 1465 1702 1552 lexicographi

538 1573 753 1661 locupletiores
774 1581 862 1638 sunt:
890 1574 929 1638 ad
951 1574 1042 1660 Vesp.
1066 1574 1143 1639 349:
1172 1577 1191 1660 ἦ
1216 1578 1345 1640 σανίδων
1370 1580 1443 1663 φησὶ
1464 1583 1523 1642 τῶν
1547 1602 1701 1665 περιεχου-

542 1690 606 1751 σῶν
640 1687 677 1750 rol
699 1686 832 1772 δνύματα
862 1690 920 1750 τῶν
956 1687 1226 1773 εἰσαχθιρσομένων
1250 1690 1292 1759 εἰς
1314 1690 1347 1751 τὸ
1371 1691 1578 1776 δικαστήριον,
1612 1695 1700 1755 ποῖον

541 1801 645 1884 δεήσει
668 1802 786 1884 πρῶτον
810 1798 990 1885 εἰσαχθῆναι
1012 1799 1061 1862 καὶ
1083 1799 1157 1862 κατὰ
1179 1802 1259 1873 τάξιν
1283 1799 1405 1883 (malim
1420 1803 1494 1865 κατὰ
1515 1803 1580 1866 τίνα
1595 1801 1700 1885 τάξιν).
1792 1801 1797 1814 ’

538 1911 644 1995 Etym.
666 1908 709 1977 M.
733 1911 825 1986 σανίς,
849 1910 913 1973 οἷον
936 1910 1026 1986 τανίς,
1049 1911 1129 1995 παρὰ
1151 1910 1184 1972 τδ
1207 1912 1357 1987 τετάσθαι,
1379 1913 1412 1975 τδ
1435 1914 1579 1998 ἐπίμηκες
1603 1914 1701 1989 ξύλον,

541 2024 661 2093 σανίδες
689 2023 722 2086 δὲ
756 2024 787 2086 ἐν
817 2021 863 2091 οἷς
885 2022 1083 2106 ἐγγράφονται
1108 2024 1136 2085 οἱ
1159 2022 1329 2108 δφείλοντές
1350 2048 1375 2087 τι
1399 2026 1448 2088 καὶ
1471 2027 1499 2088 οἱ
1526 2025 1702 2110 ἠδικηκότες

538 2160 578 2199 τι.
618 2132 714 2198 Cuius
730 2132 1051 2219 explicationistestes
1072 2133 1221 2197 habemus
1236 2132 1325 2196 Isoer.
1349 2136 1415 2220 περὶ
1438 2134 1566 2199 ἀντιδύσ.
1580 2155 1611 2221 μ.
1629 2138 1700 2200 111.

538 2246 629 2311 Dem.
653 2247 727 2310 κατὰ
747 2244 898 2331 Ἀριστογ.
921 2243 953 2308 α’
978 2266 1008 2329 ρ.
1033 2244 1104 2308 791.
1150 2245 1186 2306 δ’.
1209 2244 1375 2322 Zonaram‚
1402 2246 1455 2331 qui
1476 2246 1610 2332 priorem
1630 2252 1700 2311 tan-

538 2363 610 2421 tum
638 2362 758 2443 partem
786 2378 857 2422 eum
882 2356 984 2439 Etym.
1005 2354 1047 2419 Μ.
1070 2376 1264 2420 communem
1286 2356 1393 2437 habet,
1427 2364 1458 2421 et
1485 2358 1579 2423 schol.
1600 2358 1701 2444 Apoll.

538 2468 639 2533 Rhod.
661 2468 691 2547 Ι,
715 2470 777 2534 787
804 2491 846 2556 μ.
859 2468 930 2545 348,
956 2467 994 2531 12
1017 2466 1097 2531 Keil.
1143 2467 1295 2532 Videntur·
1317 2474 1421 2532 autem
1442 2469 1557 2534 tabulis
1578 2469 1641 2535 illis
1658 2471 1700 2534 si-

538 2580 631 2646 miles
658 2581 767 2660 luisse,
800 2600 878 2665 quoe
901 2580 1019 2668 κύρβεις
1045 2586 1208 2658 vocantur,
1238 2580 1275 2643 de
1303 2580 1415 2666 quibus
1442 2579 1535 2650 sohol.
1558 2583 1618 2667 Ap.
1641 2582 1699 2646 Rh.

536 2693 592 2774 IV,
616 2692 680 2758 280
690 2714 721 2778 p.
736 2693 810 2773 497,
827 2692 883 2755 27:
908 2692 1030 2781 ύστερον
1055 2692 1087 2755 δὲ
1112 2690 1179 2776 [εἰς]
1206 2693 1279 2765 ξύλα
1302 2695 1514 2778 λελευκωμένα
1537 2697 1701 2780 γράφοντες

541 2805 661 2890 ὁμοίως
682 2806 826 2883 ἐκάλεσαν
851 2801 886 2886 (1.
909 2822 935 2866 e.
959 2802 1066 2890 κύρβ.)
1110 2802 1150 2866 Η.
1174 2802 1280 2888 soeph.
1304 2826 1327 2867 s.
1350 2825 1379 2868 v.
1411 2807 1494 2875 σανίς
1522 2811 1554 2869 et
1574 2806 1701 2894 κύρβεις.

537 2916 611 2981 Lex.
634 2915 712 2981 rhet
723 2914 818 2979 Bekk.
830 2913 947 2979 Aneed.
962 2936 991 2999 p.
1005 2913 1067 2979 303
1090 2935 1113 2978 s.
1125 2935 1154 2977 v.
1169 2916 1260 2985 σανίς.
1286 2914 1375 2978 Dem.
1398 2918 1473 2981 κατὰ
1492 2915 1643 3002 Ἂριστογ.
1666 2916 1698 2981 α’

538 3051 569 3116 p.
595 3028 668 3093 791.
712 3026 857 3092 Photius:
887 3026 986 3104 σανίς,
1009 3028 1058 3091 καὶ
1080 3027 1110 3091 ἐν
1134 3023 1158 3110 ᾗ
1181 3025 1252 3096 τοδς
1274 3026 1462 3112 κακούργους
1485 3026 1575 3093 ἔδουν
1598 3030 1648 3093 καὶ
1669 3030 1699 3093 ἐν

537 3139 562 3225 ᾖ
585 3143 637 3212 τὰς
659 3141 743 3211 δίκας
764 3141 979 3226 ἐνεχάραττον·
1009 3139 1042 3201 τὸ
1068 3138 1121 3223 μὲν
1146 3139 1177 3203 ἐν
1202 3136 1534 3223 Θεσμοφοριαζούσαις,
1556 3139 1590 3201 τδ
1613 3139 1647 3201 δὲ
1669 3141 1700 3203 ἐν

538 3254 638 3338 Σφηξὶ
666 3254 844 3337 δεδήλωται.
873 3257 966 3336 atque
999 3250 1098 3314 idem:
1134 3251 1254 3327 σανίδα,
1283 3250 1317 3312 τὸ
1340 3250 1485 3336 λεύκωμα
1508 3250 1585 3313 ὅπου
1608 3252 1639 3313 αἱ
1662 3238 1700 3314 δί-

538 3389 589 3430 και
612 3363 759 3448 λέγονται,
781 3362 954 3426 etiterum:
977 3359 1100 3439 σανίδα,
1123 3361 1157 3426 τδ
1181 3361 1366 3445 δεσμωτικδν
1393 3361 1490 3434 ξύλον.
1514 3359 1698 3443 Hesychius:

533 3476 634 3558 σανίς,
661 3475 750 3561 θύρα,
772 3464 823 3558 (ut
843 3473 947 3560 paullo
968 3493 1062 3559 supra
1085 3474 1218 3551 σανίδες,
1241 3472 1356 3559 θύραι),
1384 3473 1543 3559 λεύκωμα,
1566 3475 1597 3537 ἐν
1622 3468 1648 3558 qi
1671 3475 1701 3536 αἱ

537 3589 652 3675 γραφαὶ
669 3585 837 3672 Ἀθήνησιν
860 3588 1027 3672 ἐγράφοντο
1051 3584 1128 3671 πρὸς
1149 3584 1220 3654 τοὺς
1238 3584 1435 3669 κακούργους.
1457 3586 1569 3648 τίθεται
1593 3586 1627 3648 δὲ
1650 3586 1701 3648 καὶ

537 3702 588 3765 ἐπὶ
609 3704 664 3764 τοῦ
689 3703 820 3785 σταυροῦ
843 3698 887 3782 (h.
903 3720 928 3762 e.
944 3698 981 3762 de
996 3716 1106 3774 assere,
1129 3695 1230 3779 qualis
1245 3702 1292 3760 est
1305 3695 1388 3782 apud
1402 3696 1559 3781 Aristoph.
1576 3696 1700 3760 Thesm.

536 3811 558 3875 l.
581 3810 629 3895 l.).
657 3809 708 3874 'Si
731 3810 856 3895 quidem
878 3812 908 3874 αἱ
932 3810 1049 3879 σανίδες
1070 3806 1196 3873 tabulae
1217 3811 1300 3884 sunt,
1323 3807 1357 3870 in
1379 3806 1492 3891 quibus
1507 3826 1628 3871 reorum
1646 3829 1701 3874 no-

536 3922 628 3987 mina
648 3926 680 3986 et
701 3942 864 3987 causarum
886 3921 958 3987 ordo
980 3924 1068 3984 erant
1082 3918 1260 4005 perscripta,
1283 3916 1437 3981 Philocleo
1459 3917 1480 3981 l.
1495 3918 1516 3982 l.
1539 3918 1632 3983 etiam
1647 3939 1702 4004 per

536 4035 596 4099 has
617 4033 740 4098 tabulas
762 4055 850 4098 ruere
872 4033 1005 4099 voluisse
1026 4030 1207 4115 eogitandus
1229 4036 1284 4094 est.
1305 4028 1417 4093 'Vnde
1438 4038 1631 4114 sequeretur,
1653 4037 1701 4095 ta-

537 4144 629 4211 bulas
654 4144 731 4210 istas
757 4146 897 4232 proxime
925 4144 1087 4209 introitum
1114 4142 1251 4220 stetisse,
1280 4141 1430 4206 columnis
1458 4143 1523 4207 sive
1551 4141 1701 4224 longuriis

537 4258 718 4345 (περίμηκες
743 4258 845 4342 ξύλον)
867 4257 1017 4340 alligatas,
1040 4262 1076 4320 ut
1091 4254 1202 4339 quivis,
1218 4252 1294 4337 quid
1308 4259 1458 4335 ageretur,
1480 4254 1701 4338 praetereundo

537 4372 641 4455 legere
662 4375 773 4455 posset.

627 4481 732 4566 Longe
759 4481 897 4554 diversae
924 4483 962 4553 ab
984 4481 1033 4550 his
1054 4480 1185 4560 tabulis,
1208 4500 1284 4564 quas
1305 4475 1508 4546 tribunalium
1530 4478 1624 4542 fnisse
1646 4500 1700 4573 ap-
