4484 5467
647 631 694 684 DE
711 630 883 685 lvnlolssvs
901 632 1160 688 Arflnnmnslvn
1177 633 1357 699 anssvsouu
1375 634 1603 690 lvnlolnnfflvs
1645 639 1706 704 153

546 807 615 868 rent
637 802 770 884 calcul03
799 825 828 869 ν.
850 805 924 869 Lex.
945 806 1023 869 rhet.
1046 827 1075 890 p.
1098 806 1171 883 299,
1195 806 1214 869 3
1236 826 1330 891 supra
1350 805 1433 871 laud.
1477 807 1561 885 Quae
1583 809 1706 893 quidem

546 937 623 981 num
651 937 725 981 vere
755 916 911 1002 disputata
932 918 996 982 sint
1017 917 1090 982 licet
1117 916 1256 983 dubitare
1283 917 1395 1003 possis,
1428 918 1575 985 maiorem
1601 924 1707 987 tamen

544 1028 611 1094 ieri
634 1027 769 1114 speciem
789 1027 906 1094 habent
933 1050 1028 1113 quam
1050 1028 1230 1094 scholiastae
1252 1029 1386 1094 narratio
1414 1030 1490 1095 Ven.
1513 1031 1553 1096 ad
1574 1053 1604 1097 ν.
1630 1036 1705 1099 106:

546 1145 637 1207 τοῦτο
656 1139 706 1226 (1.
728 1161 756 1205 e.
786 1141 819 1205 τὸ
850 1143 904 1227 τὴν
936 1144 1050 1231 μακρὰν
1074 1144 1094 1229 ἢ
1116 1144 1170 1228 τὴν
1200 1146 1342 1231 βραχεῖαν
1365 1144 1508 1230 γραμμὴν
1532 1145 1643 1229 ἕλκειν)
1673 1148 1706 1211 δὲ

545 1254 674 1319 ἐποίουν
710 1253 785 1339 μετὰ
817 1254 849 1317 τδ
875 1253 1046 1342 ἀποβλέψαι
1079 1255 1121 1325 εἰς
1148 1255 1200 1325 τὰς
1229 1257 1352 1341 ψήφους
1378 1256 1430 1352 νὰς
1452 1256 1482 1320 ἐν
1513 1264 1554 1340 τῇ
1575 1259 1705 1323 καλπιδι.

545 1366 572 1430 εἰ
592 1366 651 1453 γὰρ
674 1365 780 1452 ἑώρων
803 1366 855 1436 τὰς
879 1366 1181 1470 μελαίνας-πλείους,
1209 1367 1373 1453 ἐχάραττον
1396 1373 1441 1452 τῷ
1463 1364 1549 1453 ὄνυχι
1571 1369 1626 1453 τὴν
1652 1393 1704 1454 μα-

544 1479 635 1565 κράν,
669 1478 697 1542 εἰ
724 1478 758 1541 δὲ
779 1478 831 1548 τὰς
852 1479 977 1560 λευκάς,
1010 1479 1064 1563 τὴν
1096 1481 1248 1566 βραχεῖαν.
1293 1478 1342 1542 ὅτε
1361 1480 1394 1543 δὲ
1422 1480 1545 1550 πλείους
1573 1479 1652 1565 ἦσαν
1676 1483 1706 1544 αἱ

545 1590 661 1669 λευκαί,
688 1590 703 1653 ὁ
728 1590 845 1654 διώκων
869 1589 961 1668 ἐνίκα,
987 1590 1140 1676 occuper
1165 1589 1207 1668 δέ,
1229 1590 1265 1674 ἣν
1288 1589 1410 1661 πλείους
1425 1594 1455 1656 αἱ
1472 1592 1618 1678 μέλαιναι,
1639 1618 1706 1657 κατ·

544 1702 688 1788 εκρίνετο.
732 1699 849 1764 Vltima
877 1700 972 1790 verbo
999 1700 1077 1766 falsa
1098 1721 1179 1780 esso,
1208 1700 1270 1764 iam
1297 1700 1423 1767 Florens
1452 1702 1645 1769 Christianus
1667 1705 1706 1769 ad

544 1834 573 1877 ν.
597 1810 835 1891 animadvertit,
869 1832 923 1897 pro
955 1814 1113 1878 δδιώκων
1142 1812 1234 1878 scribi
1264 1814 1423 1900 ὁφεύγων
1457 1814 1577 1879 iubens.
1622 1815 1706 1880 Mihi

544 1924 673 2010 quidem
699 1923 791 2009 plane
817 1923 1019 1989 reiiciendum
1040 1923 1163 1989 videtur
1188 1927 1204 1989 δ
1228 1927 1362 2002 διώκων,
1394 1928 1664 2012 reponendumque
1689 1929 1704 1991 ὁ

545 2038 667 2125 psoras
691 2037 785 2116 ἐνίκα,
806 2037 843 2122 ἦν
868 2039 901 2102 δὲ
923 2037 1047 2107 πλείους
1069 2038 1099 2101 αἱ
1123 2037 1200 2123 pelo,
1221 2040 1417 2125 κατεκρίνετο.
1460 2037 1577 2102 Verum
1591 2039 1705 2105 scholio

543 2149 578 2213 in
600 2149 686 2213 hunc
708 2168 828 2232 quoque
849 2147 976 2213 modum
998 2152 1118 2226 sanato,
1147 2149 1266 2233 reliqua
1293 2169 1356 2213 non
1377 2154 1450 2213 sunt
1472 2169 1556 2213 sana.
1599 2150 1704 2235 Neque

545 2261 630 2325 enim
650 2259 835 2345 persuadere
856 2260 935 2324 mihi
956 2281 1095 2345 possum,
1124 2259 1240 2324 iudices
1265 2260 1372 2325 tabula
1391 2266 1515 2326 tantum
1536 2282 1607 2326 usos
1629 2282 1704 2343 csse,

545 2377 581 2437 ut
615 2370 804 2436 enumeratis
838 2371 965 2437 calculis
998 2372 1278 2437 animadverterent
1304 2373 1522 2459 propriumque
1550 2372 1584 2437 in
1613 2395 1706 2438 usum

545 2484 630 2549 sulco
653 2482 708 2548 illo
729 2482 949 2566 significarent,
973 2482 1178 2548 damnatnsne
1201 2505 1242 2548 an
1263 2485 1420 2551 absolutus
1443 2490 1522 2550 esset
1544 2507 1628 2566 reus3
1650 2507 1705 2549 nc-

546 2616 606 2681 que
628 2593 738 2660 modus
760 2595 898 2678 suffragii
920 2596 1107 2681 essepotnit
1134 2597 1167 2660 τὸ
1190 2600 1355 2685 χαράττειν.
1398 2597 1468 2662 Non
1490 2597 1575 2662 enim
1596 2599 1629 2663 τὸ
1652 2623 1705 2684 χα-

544 2710 658 2796 pola-teo
682 2706 866 2772 condemnat
888 2712 942 2772 aut
956 2706 1096 2790 absolvit,
1119 2708 1173 2773 sed
1194 2710 1227 2773 τὸ
1253 2712 1446 2797 ψηφίζεσθαι,
1468 2711 1489 2774 1.
1505 2732 1531 2774 c.
1554 2709 1705 2775 calculum

540 2820 576 2886 in
604 2840 719 2884 urnam
746 2818 904 2883 coniicere.
947 2815 1068 2904 Neque,
1097 2819 1170 2884 licet
1197 2821 1420 2886 condemnandi
1448 2822 1543 2887 libido
1570 2822 1707 2886 maxima

541 2931 639 2997 fuerit
653 2936 685 2997 et
699 2931 886 3015 taeterrima,
909 2931 989 2997 alius
1004 2932 1102 2996 alium
1116 2933 1308 3018 conspexisse
1323 2933 1466 2998 credibile
1482 2938 1537 3012 est,
1559 2938 1595 2998 ut
1610 2954 1707 3019 quum

541 3044 594 3109 hic
619 3043 728 3109 album
748 3042 927 3109 immisisset
948 3044 1112 3124 calculum,
1134 3045 1260 3129 nigrum
1280 3045 1346 3130 ipse
1362 3045 1551 3126 immitteret,
1574 3065 1613 3107 ne
1635 3065 1706 3109 reus

541 3161 648 3242 posset
670 3155 798 3222 absolvi.
841 3156 1022 3221 Absurdum
1043 3157 1100 3222 hoc
1124 3158 1200 3222 foret
1221 3156 1352 3241 lusuque
1379 3176 1545 3242 puerorum
1567 3155 1705 3238 dignum,

541 3268 697 3352 gravitate
717 3267 923 3333 tribunalium
943 3289 1068 3353 prorsus
1089 3268 1264 3353 indignum.
1309 3269 1422 3334 Contra
1443 3268 1509 3333 veri
1531 3266 1632 3331 simile
1649 3273 1705 3347 est,

544 3400 636 3445 senes
659 3382 866 3467 φιληλιαστάς,
888 3386 924 3444 ut
946 3401 1039 3466 supra
1060 3382 1185 3465 conieci,
1211 3382 1260 3447 his
1281 3382 1394 3447 tabulis
1417 3387 1448 3445 et
1469 3379 1564 3445 sulcis
1585 3378 1706 3443 tabula-

542 3514 617 3557 rum
639 3491 704 3556 irae
728 3512 800 3556 suae
823 3492 962 3557 iudiciali
984 3493 1185 3577 succurrisse,
1213 3494 1387 3578 multosque
1414 3493 1496 3557 inter
1524 3512 1573 3556 eos
1601 3491 1705 3574 fuisse,

544 3604 604 3689 qui
626 3603 707 3668 nihil
728 3604 790 3669 nisi
811 3605 938 3690 longum
960 3606 1069 3671 ducere
1091 3606 1213 3671 sulcum
1235 3612 1439 3685 consuessent,
1461 3604 1631 3670 secundum
1646 3603 1707 3669 No·

540 3711 644 3782 strum
666 3737 696 3780 v.
721 3718 796 3781 106:

723 3829 780 3891 ὁπδ
805 3831 966 3901 δυσκολίας
988 3830 1016 3895 δ’
1046 3830 1139 3895 ἅπασι
1161 3833 1256 3917 τιμῶν
1279 3834 1333 3917 τὴν
1359 3833 1485 3917 μακράν.

540 3941 579 4004 V.
602 3938 707 4003 Meier.
731 3945 762 4003 et
784 3939 920 4005 Schoem.
949 3941 1015 4007 Att.
1038 3941 1089 4005 Pr.
1112 3963 1143 4026 p.
1167 3944 1229 4006 726
1258 3947 1288 4006 et
1317 3943 1354 4006 dc
1382 3940 1549 4027 multiplici
1571 3962 1600 4005 v.
1624 3944 1705 4006 πινά-

539 4077 607 4118 κιον
631 4051 854 4135 significatione
877 4053 963 4117 Suid.
986 4077 1009 4119 s.
1033 4077 1062 4119 ν.
1085 4057 1206 4120 πινάκια
1229 4061 1259 4119 et
1282 4054 1386 4139 Steph.
1410 4077 1434 4118 s
1457 4074 1487 4118 ν.

627 4162 742 4227 ΧΧΠΙ.
786 4164 1020 4231 Percensuimus
1043 4172 1187 4251 quattuor
1209 4189 1257 4231 rcs
1279 4166 1455 4247 iudicialeS,
1479 4186 1556 4249 quas
1577 4165 1704 4243 iudices,

540 4275 619 4341 dum
640 4275 762 4340 intrant
783 4275 988 4357 disasterium,
1011 4300 1115 4343 secum
1138 4280 1257 4344 ferunt:
1285 4278 1434 4360 tabulam,
1458 4277 1589 4361 qualus
1611 4297 1704 4339 suum

540 4385 703 4453 iudicandi
731 4388 874 4471 probent,
908 4395 975 4454 tum
1005 4391 1187 4475 symbolum,
1222 4412 1312 4475 quern
1336 4391 1501 4475 scipionem
1535 4370 1703 4451 coloratum

539 4500 693 4583 litoraque
714 4498 901 4580 insignitum
922 4502 1035 4568 scimus
1058 4526 1140 4587 esse,
1169 4525 1229 4589 quo
1255 4504 1304 4566 ius
1332 4502 1407 4567 certi
1437 4499 1597 4565 cuiusdam
1620 4499 1703 4563 dica-

541 4613 628 4678 stolii
651 4611 787 4675 adeundi
810 4611 988 4695 defendant,
1018 4615 1128 4680 deinde
1156 4618 1189 4681 τδ
1211 4617 1362 4703 τιμητικὸν
1386 4616 1538 4691 πινάκιον,
1566 4611 1706 4680 tabulam
