4484 5467
626 630 671 684 Du
688 631 860 687 IVDIOIBVS
877 634 1137 690 nunsulsufflvu
1153 637 1335 705 uussvsovu
1353 643 1582 703 lVDlGlALlBVS
1648 651 1707 714 101

541 803 649 867 hieme
671 804 830 869 archontes
844 806 1002 888 negotium
1017 808 1164 873 sortiendi
1179 813 1379 897 susceperint,
1403 834 1464 899 qua
1479 817 1561 882 cives
1575 819 1709 902 ditiores,

543 936 645 1000 quum
666 916 752 981 urbis
773 916 891 982 incolae
911 922 980 982 tum
996 919 1190 1003 praediorum
1212 944 1406 1007 possessores,
1430 927 1462 991 in
1484 931 1593 996 urbem
1615 934 1709 997 remi-

543 1033 711 1111 graverant
731 1028 819 1094 ludos
834 1034 1013 1115 spectatum,
1036 1032 1235 1099 sortientibus
1252 1037 1483 1121 magistratibus
1500 1061 1605 1107 omnes
1619 1065 1708 1129 prae-

542 1146 593 1205 sto
615 1140 709 1205 luisse
730 1161 793 1205 non
814 1141 1004 1206 crediderim.
1049 1142 1183 1209 Athenis
1202 1152 1305 1212 autem
1327 1145 1401 1213 solis
1422 1171 1525 1235 neque
1543 1152 1618 1217 alibi
1643 1175 1708 1220 sor-

541 1252 688 1317 titionem
715 1251 854 1318 indicum
883 1254 995 1319 factem
1023 1275 1104 1337 esse,
1132 1256 1205 1321 licet
1234 1278 1295 1323 non
1326 1260 1439 1326 diserte
1467 1263 1548 1347 quod
1570 1264 1666 1330 sciam
1689 1287 1708 1331 a

541 1385 699 1449 quoquam
721 1365 905 1445 affirmetur,
927 1387 982 1451 per
1004 1388 1036 1431 so
1057 1367 1257 1433 manifestum
1278 1378 1341 1450 est,
1364 1393 1461 1456 quum
1484 1395 1503 1437 a
1523 1396 1635 1441 novem
1657 1398 1707 1441 ar-

541 1476 706 1542 chontibus
728 1497 893 1561 eorumque
915 1478 1016 1543 scriba
1036 1479 1259 1544 institueretur.
1296 1482 1373 1546 Eam
1394 1505 1485 1570 porro
1507 1487 1583 1551 κατὰ
1598 1490 1707 1574 φυλάς,

541 1588 688 1653 tributim
716 1588 828 1654 factm
856 1610 921 1654 esse
948 1610 1047 1673 quum
1075 1590 1255 1656 scholiastae
1277 1592 1392 1659 Comici
1421 1597 1538 1681 passim
1567 1605 1706 1680 narrant,

540 1706 611 1765 tum
626 1701 857 1766 Schoemannus
879 1701 900 1766 l.
915 1702 936 1765 l.
959 1702 1109 1787 probavit.
1149 1703 1252 1787 Atque
1266 1706 1501 1773 scholiastarum
1515 1730 1598 1774 unus
1613 1711 1705 1797 Vesp.

541 1813 606 1877 775
635 1812 807 1896 siguificare
836 1812 972 1891 videtur,
999 1813 1115 1878 iudices
1144 1836 1160 1879 e
1188 1815 1320 1899 singulis
1352 1818 1495 1885 tribubus
1526 1842 1545 1885 a
1572 1821 1704 1905 singulis

539 1924 739 1990 archontibus
761 1931 897 1991 assumto
919 1925 1062 1990 videlicet
1082 1926 1184 1990 scriba
1205 1926 1331 1993 selectos
1357 1949 1438 1995 esse:
1466 1932 1569 2018 ἐπειδὴ
1593 1934 1705 2020 breso-

540 2038 625 2101 osen
649 2036 685 2120 (i.
708 2056 733 2099 e.
757 2037 910 2125 ἄρχοντες,
932 2038 985 2103 cfr.
1009 2036 1148 2102 Schoem.
1171 2037 1208 2102 de
1230 2040 1333 2105 comit.
1355 2063 1387 2127 p.
1408 2042 1485 2127 254)
1508 2046 1559 2110 καὶ
1581 2044 1706 2117 δέκατος

541 2151 558 2213 ὁ
582 2148 777 2235 γραμματεὺς
797 2153 945 2237 κληροῦσι
967 2150 1038 2222 τοὺς
1059 2155 1115 2234 τῆς
1137 2149 1232 2234 αὐτῆς
1254 2155 1355 2238 φυλῆς
1377 2154 1514 2226 ἕκαστος.
1551 2154 1611 2232 Qui
1634 2175 1702 2220 ver-

540 2261 651 2326 borum
677 2259 750 2325 ordo
777 2260 856 2324 mihi
884 2281 947 2325 non
973 2260 1096 2327 videtur
1125 2282 1197 2326 oum
1225 2261 1436 2330 Schoemanno
1465 2265 1502 2350 (l.
1526 2264 1547 2329 l.
1569 2287 1600 2350 p.
1623 2267 1702 2351 207)

539 2372 683 2437 turbatus
705 2393 804 2457 neque
825 2372 859 2436 in
887 2372 1116 2439 hunc-modum
1144 2374 1353 2439 restituendus
1376 2397 1455 2441 esse:
1487 2379 1515 2441 οἱ
1542 2378 1632 2463 heco.
1655 2380 1705 2444 καὶ

540 2486 666 2555 δέκατος
689 2485 707 2548 ὁ
728 2509 785 2572 qo,
807 2485 883 2549 κατὰ
904 2487 1003 2571 φυλὴν
1027 2486 1154 2557 ἕκαστος
1176 2487 1324 2574 estepano
1347 2491 1409 2553 κτλ.
1434 2524 1473 2533 -
1503 2487 1614 2554 vellem
1636 2489 1704 2575 ipso

539 2596 589 2661 vir
610 2596 750 2680 egregius
771 2594 891 2680 reliqua
912 2595 1085 2677 adiecisset;
1107 2596 1230 2661 videtur
1251 2605 1356 2664 autem
1370 2600 1539 2684 respexisse
1554 2600 1594 2665 ad
1608 2601 1703 2666 schol.

538 2709 583 2773 ΙΙΙ
606 2707 688 2773 Plut.
711 2709 785 2772 277.
829 2706 932 2785 Quid?
959 2707 986 2772 si
1012 2707 1143 2791 legimus
1171 2708 1301 2793 pristino
1324 2713 1488 2778 verborum
1509 2712 1616 2777 ordine
1637 2734 1701 2777 ser-

538 2827 628 2887 vato:
651 2822 723 2892 roh<
743 2826 799 2907 τῆς
821 2821 915 2885 αὑτοῦ
938 2824 1038 2907 φυλῆς
1060 2818 1208 2891 ἕκαστος’.)
1234 2820 1358 2886 Etenim
1385 2823 1413 2887 si
1434 2823 1549 2907 singuli
1572 2824 1700 2889 archon·

538 2940 585 2998 tes
610 2952 626 2995 e
648 2931 778 3015 singulis
799 2932 941 2997 tribubus
964 2931 1058 2996 creati
1079 2931 1204 3013 fuerint,
1227 2951 1329 2997 nonne
1351 2933 1488 3017 singulos
1504 2955 1625 3019 quoque
1646 2936 1703 3000 tri-

538 3046 638 3109 buum
666 3064 792 3109 suarum
819 3043 908 3128 quasi
936 3043 1066 3109 arbitros
1095 3047 1187 3127 atque
1209 3042 1371 3126 magistros
1392 3044 1488 3109 fuisse
1514 3045 1704 3131 tribulosque

538 3177 613 3223 suos
634 3156 776 3239 selegisse
798 3159 1040 3241 consentaneum
1062 3154 1129 3220 cst?
1152 3192 1193 3202 -
1220 3154 1286 3219 lam
1307 3154 1443 3220 vidimus
1465 3161 1497 3221 et
1518 3155 1650 3221 Athenis
1672 3164 1704 3223 et

537 3270 577 3336 ab
602 3268 798 3334 archontibus
820 3273 851 3332 et
872 3268 1014 3333 tributim
1035 3269 1148 3333 factam
1170 3288 1235 3332 esse
1257 3286 1393 3331 annuam
1414 3267 1554 3332 iudicum
1569 3267 1703 3332 sortitio·

536 3403 622 3448 nem.
659 3380 768 3445 Parem
789 3380 867 3465 quin
889 3400 926 3444 ex
948 3379 1078 3463 singulis
1099 3379 1241 3444 tribubus
1264 3384 1356 3463 atque
1379 3379 1512 3443 eundem
1534 3400 1701 3445 numerum

536 3493 700 3559 archontes
722 3492 822 3557 sortiti
843 3492 923 3571 sint,
945 3491 1015 3576 quis
1037 3489 1178 3557 dubitet?
1220 3490 1303 3555 Num
1324 3510 1431 3575 parem
1453 3512 1574 3576 quoque
1595 3513 1612 3556 e
1635 3492 1700 3558 sin·

536 3605 621 3691 gulis
635 3604 773 3671 tribuum
788 3604 957 3687 ordinibus,
980 3609 1017 3668 ut
1032 3602 1433 3690 pentacosiomedimnorum
1454 3602 1538 3667 idem
1552 3626 1701 3672 numerus

534 3717 634 3785 suerit
654 3738 689 3781 ac
710 3715 920 3801 reliquorum?
958 3715 1027 3781 Non
1049 3714 1240 3780 crediderim.
1285 3714 1406 3779 Scimus
1429 3715 1522 3797 enim,
1545 3721 1581 3781 ut
1602 3738 1701 3783 unum

537 3829 713 3911 nominem,
750 3847 865 3913 pagum
896 3827 1145 3893 Achamensium
1177 3825 1445 3912 opulentissimum
1477 3828 1589 3906 luisse,
1626 3828 1702 3894 alios

535 3944 647 4007 contra
672 3946 795 4027 propter
822 3939 882 4005 loci
910 3945 1055 4004 naturam
1083 3938 1132 4003 vel
1160 3944 1289 4004 naturae
1311 3940 1509 4024 iniquitatem
1530 3960 1627 4025 paene
1649 3941 1702 4005 de·

537 4058 646 4119 sertos.
691 4051 810 4117 Deinde
830 4051 963 4116 Athenis
985 4051 1089 4136 quarti
1112 4050 1228 4116 ordinis
1250 4053 1309 4116 τῶν
1333 4053 1435 4139 θητῶν
1465 4052 1547 4117 cives
1575 4071 1704 4117 numero

535 4166 644 4252 plures
667 4185 761 4249 quarn
784 4169 849 4229 tota
869 4163 989 4247 reliqua
1010 4162 1115 4228 Attica
1137 4163 1292 4227 habitasse
1314 4164 1473 4246 contendo,
1497 4163 1600 4244 etiam,
1629 4183 1704 4247 pace

535 4276 730 4361 Thucydidis
758 4276 904 4358 dixerim,
932 4275 1103 4361 primorum
1130 4275 1289 4358 ordinum,
1316 4280 1353 4340 ut
1378 4281 1491 4339 natura
1518 4273 1603 4338 urbis
1633 4275 1702 4352 fert,

535 4391 643 4477 plures
671 4410 765 4473 quem
792 4388 826 4452 in
852 4407 1037 4472 unaquaque
1064 4386 1157 4451 tribu.
1207 4386 1266 4451 Cui
1295 4387 1339 4452 rei
1361 4386 1415 4452 vix
1437 4407 1513 4471 opus
1536 4390 1583 4450 est
1610 4404 1701 4468 argu·

539 4508 662 4584 mento,
691 4500 807 4585 ubique
834 4507 986 4566 terrarum
1013 4505 1044 4564 et
1071 4498 1210 4582 gentium
1231 4498 1294 4563 tale
1315 4498 1391 4583 quid
1413 4496 1553 4562 occurrit.
1596 4495 1703 4582 Neque

539 4623 663 4694 tamen,
693 4613 774 4698 quod
795 4615 870 4679 κατὰ
892 4614 989 4701 φυλὰς
1011 4611 1203 4678 sortitionem
1224 4611 1336 4676 factam
1358 4629 1423 4675 esse
1445 4612 1579 4688 constat,
1608 4608 1702 4675 oliam
