4484 5467
550 637 609 699 152
935 630 1125 684 Psennoon.
1161 629 1273 683 GAPVT
1291 629 1327 683 IV
1373 643 1376 648 ·

552 811 755 897 δικαστήριον.
798 804 891 870 Porro
912 824 942 868 v.
965 802 1027 868 848
1050 802 1101 874 τὰς
1125 802 1247 873 σανίδας
1268 824 1287 866 a
1308 800 1473 869 scholiasta
1494 803 1692 891 explicarint

546 922 610 986 sint
632 922 753 986 πινάκια
774 919 923 1004 τιμητικοί,
946 936 1039 1000 supra
1060 914 1177 979 monui.
1221 915 1287 978 Hae
1310 914 1405 997 igitur
1426 915 1566 1000 tabulae,
1594 939 1693 983 aeneae

546 1034 618 1098 illae
647 1036 701 1097 aut
728 1029 846 1094 buxeae
875 1028 918 1112 (v.
940 1026 1029 1091 Phot.
1059 1048 1082 1091 s.
1111 1047 1142 1091 v.
1171 1028 1307 1092 πινοίκιον
1336 1032 1367 1091 et
1388 1027 1428 1091 H.
1457 1027 1606 1115 Stephan.
1627 1053 1651 1096 s.
1669 1052 1693 1095 ν.

546 1146 651 1220 σύειον
675 1147 705 1207 et
726 1139 873 1223 τίεινος),
897 1158 966 1202 cera
988 1137 1220 1216 oblinebantur,
1242 1158 1321 1222 quae
1342 1160 1362 1209 a
1384 1139 1507 1205 Oomieo
1527 1141 1620 1228 Vesp.
1643 1142 1694 1207 108

546 1258 637 1344 κηρὸς
659 1258 794 1334 uocatur,
817 1249 1074 1335 alexioographis
1093 1251 1207 1336 μοίλδη,
1231 1251 1334 1336 μοίλίλα
1350 1256 1380 1315 et
1397 1252 1499 1338 ῥύπος.
1533 1253 1695 1337 Hesychius

546 1390 570 1431 s
599 1389 628 1431 ν.
662 1366 781 1453 μοίλδηι
818 1350 1051 1449 μεμαλαγμένος
1078 1361 1179 1449 κηρός.
1224 1361 1334 1427 Pollux
1356 1362 1402 1442 X,
1432 1364 1473 1429 58
1496 1386 1541 1449 sq.
1572 1370 1603 1430 et
1623 1365 1695 1448 VIII,

548 1480 605 1542 16:
636 1478 754 1563 μάλδη,
781 1472 804 1559 ᾖ
833 1476 1036 1559 καταλήλιπτο
1065 1473 1098 1537 τδ
1128 1475 1273 1538 πινοίκιον.
1317 1473 1391 1559 (cfr.
1420 1475 1461 1539 H.
1493 1474 1600 1562 Steph.
1629 1499 1653 1541 s.
1672 1497 1696 1541 u.

550 1589 680 1677 μάλδα.)
724 1586 802 1651 Cum
823 1584 937 1650 tabella
959 1589 1064 1648 autem
1085 1588 1116 1647 et
1138 1604 1207 1648 cera
1227 1605 1291 1649 una
1312 1587 1497 1675 ἡὲγκεντρὶς
1518 1587 1696 1653 nominanda

547 1707 608 1779 est,
638 1696 660 1784 ᾗ
691 1699 790 1763 εἷλκον
813 1700 867 1783 τὴν
898 1698 1058 1784 γραμμήν,
1081 1700 1116 1760 ut
1138 1696 1248 1761 Pollux
1276 1696 1320 1760 ait
1341 1697 1423 1780 VIII,
1444 1700 1494 1763 16.
1539 1698 1647 1765 Noster
1666 1700 1695 1763 in

545 1812 654 1897 Vespis
685 1810 770 1875 chori
798 1808 918 1875 aculeos
952 1809 1138 1895 ἐγκεντρίδας
1165 1813 1254 1873 vocat
1281 1829 1310 1873 ν.
1337 1800 1400 1873 427
1429 1815 1461 1875 et
1491 1811 1592 1894 1073,
1625 1811 1646 1875 i.
1673 1832 1694 1874 e.

547 1925 665 2011 κέντρα,
687 1926 724 1987 ut
744 1935 774 1985 ν’.
797 1922 861 1985 480
882 1918 1034 1985 Xanthias
1055 1920 1235 2005 perterritus
1257 1920 1385 1984 clamat:

856 2032 1032 2121 Ἡράκλειςί
1055 2035 1105 2096 καὶ
1126 2032 1225 2120 κέντρ’
1251 2032 1386 2119 ἔχουσιν.

478 2212 482 2220 ,
547 2147 590 2212 At
614 2144 814 2211 manifestum
836 2149 882 2209 est
904 2166 942 2208 ex
963 2164 1007 2223 eo,
1030 2143 1112 2228 quod
1133 2143 1294 2228 Bdelyoleo
1315 2142 1496 2228 respondet:

704 2257 749 2327 οἷς
771 2256 801 2342 γ’
827 2258 985 2322 ἀπώλεσαν
1010 2258 1160 2322 Φιλιππον
1184 2258 1214 2322 ἐν
1239 2256 1306 2340 δίκῃ
1330 2258 1380 2320 τδν
1403 2255 1548 2344 Γοργίου,

548 2370 668 2436 aculeos
689 2368 764 2434 istos
781 2389 944 2453 vesparum
965 2371 1094 2434 formam
1113 2370 1256 2433 habuisse
1279 2367 1420 2433 stilorum
1434 2367 1485 2432 veI
1501 2367 1698 2454 graphiorum,

482 2570 484 2574 y
548 2482 662 2566 quibus
683 2480 781 2544 lineas
804 2480 964 2544 ducebant.
1001 2481 1059 2545 His
1081 2480 1185 2566 itaque
1208 2480 1353 2566 graphiis,
1375 2500 1454 2563 quae
1477 2477 1617 2565 ahoquin
1637 2506 1697 2568 ρρα·

549 2597 619 2680 φεῖα
642 2592 783 2669 audiunt,
806 2595 842 2655 ut
856 2591 938 2675 apud
959 2591 1072 2657 PoIIuc.
1095 2593 1133 2671 X,
1151 2593 1201 2671 59,
1224 2592 1316 2656 sohoI.
1337 2592 1428 2676 Vesp.
1452 2591 1525 2657 838.
1543 2593 1607 2657 849
1622 2591 1698 2669 alibi,

548 2726 645 2789 quum
666 2703 848 2788 plerumque
869 2702 985 2767 iudices
1007 2708 1182 2781 uterentur,
1211 2709 1315 2768 tamen
1337 2704 1457 2768 strenui
1478 2708 1511 2769 et
1531 2709 1570 2768 ut
1590 2703 1636 2769 ita
1656 2703 1697 2767 di·

548 2837 616 2881 cam
637 2813 821 2879 iudicissimi
843 2836 946 2899 ungue
967 2815 1066 2881 sulcos
1089 2815 1256 2895 ducebant,
1284 2836 1464 2901 unguesque
1487 2837 1558 2881 cera
1579 2815 1700 2882 sublitos

549 2927 719 3011 gestabant,
741 2948 770 2992 v.
796 2927 871 2990 107:

755 3040 856 3127 ὥσπερ
882 3039 992 3126 μέλιττ’
1017 3040 1047 3124 ἢ
1062 3041 1227 3129 βομβυλιὸς
1249 3038 1413 3126 εἰσέρχεται

753 3151 809 3214 ὑπδ
832 3155 897 3221 τοῖς
919 3148 1002 3225 ὄνυξι
1024 3152 1115 3238 κηρὸν
1141 3151 1419 3237 ἀναπεπλασμένος,

543 3270 573 3328 et
594 3285 624 3328 ν.
648 3262 711 3328 850
733 3262 851 3348 respuit
872 3261 1041 3341 Philocleo,
1068 3269 1105 3327 ut
1127 3261 1466 3348 videtur,.graphium‚
1490 3284 1590 3348 quum
1612 3265 1702 3331 dieat:

792 3376 852 3459 ἐγὼ
876 3374 905 3439 δ’
930 3376 1078 3450 ἀλοκίζειν
1102 3374 1231 3462 ἐδεόμην
1254 3376 1287 3439 τὸ
1309 3375 1443 3461 χωρίονι

543 3486 598 3551 ubi
619 3484 714 3550 sohol.
730 3484 767 3548 R.
791 3487 941 3574 ἀροτριᾶν,
963 3487 1014 3551 oui
1027 3486 1105 3550 Ven.
1121 3486 1221 3551 addit:
1245 3487 1392 3562 ἀλοκίζειν
1416 3487 1449 3551 τδ
1465 3495 1512 3574 τῷ
1527 3486 1617 3576 ὄνυχι
1638 3492 1701 3578 *ppri-

545 3621 609 3684 ρειν
634 3599 675 3667 είς
696 3597 730 3660 τδ
752 3598 903 3683 τιμητικὸν
928 3601 1073 3681 πινάκιον,
1099 3599 1196 3670 οὕτως
1218 3598 1343 3686 εἴρηκεν,
1366 3596 1503 3671 αὔλακας
1526 3603 1651 3688 σχίζειν.

631 3707 698 3771 Iam
721 3729 818 3791 quum
840 3708 958 3773 duabus
981 3709 1030 3774 his
1051 3710 1158 3788 rebuS,
1180 3710 1287 3774 tabula
1308 3730 1377 3775 uera
1398 3709 1494 3775 oblita
1516 3718 1549 3777 et
1571 3713 1701 3799 graphio,

543 3839 634 3884 nemo
656 3819 752 3903 possit
774 3820 924 3898 dubitare,
947 3821 1023 3906 quin
1045 3821 1161 3886 iudices
1183 3844 1215 3886 re
1238 3843 1311 3886 vera
1331 3822 1382 3887 usi
1404 3821 1476 3901 sint,
1500 3830 1599 3890 restat
1613 3847 1702 3911 quae·

543 3931 610 4008 stio,
634 3929 756 4014 quando
783 3931 847 3995 sint
874 3931 934 3995 usi.
978 3931 1067 3995 Prius
1096 3932 1190 3997 etiam
1218 3940 1310 4018 atque
1339 3932 1486 4000 libentius
1515 3958 1701 4021 quaererem,

541 4066 596 4109 our
625 4043 673 4107 his
701 4043 792 4106 rebus
819 4041 913 4106 iudex
941 4041 1064 4107 deberet
1091 4042 1259 4109 instructus
1282 4066 1364 4124 esse,
1399 4067 1496 4132 quum
1524 4050 1703 4135 suffragium

541 4160 628 4221 fieret
651 4177 705 4241 per
727 4153 867 4219 calculos.
909 4152 1015 4236 Neque
1037 4174 1162 4238 possum
1183 4156 1261 4220 mihi
1282 4178 1348 4220 rem
1370 4158 1546 4243 explanare,
1571 4162 1635 4228 nisi
1657 4185 1702 4228 ae-

544 4269 670 4354 oipiam,
693 4264 814 4330 tabulas
836 4265 892 4328 has
914 4264 1078 4328 memoriae
1100 4265 1291 4331 adiuvandae
1312 4268 1507 4350 inseruiisse,
1536 4275 1701 4341 memoriae

544 4387 574 4444 et
595 4401 706 4445 senum
727 4382 758 4442 et
772 4395 917 4458 magnam
936 4380 1056 4460 partem
1077 4377 1157 4441 male
1180 4379 1378 4459 eruditorum,
1401 4382 1447 4445 ita
1467 4383 1599 4450 ut'dum
1613 4406 1702 4452 eausa

542 4498 696 4574 ageretur,
725 4491 762 4554 de
785 4508 835 4553 reo
859 4492 913 4551 aut
935 4487 1117 4568 absolvendo
1140 4498 1194 4554 aut
1215 4491 1389 4558 damnando
1411 4515 1502 4559 suam
1524 4496 1587 4562 sibi
1609 4499 1702 4583 finge-

541 4608 611 4667 rent
633 4602 834 4686 sontentiam,
865 4619 958 4687 quam
981 4598 1062 4665 dicta
1084 4621 1176 4663 eausa
1198 4602 1345 4687 finitaque
1373 4606 1570 4672 manifestam
1598 4612 1702 4678 redde-
