4484 5467
542 670 604 737 362
1022 659 1219 721 nannai

544 861 610 918 1290
695 844 788 906 ταῦτα
810 842 936 906 κατιδὼν
959 838 1015 903 ὑπό
1038 863 1065 903 τι
1088 840 1193 926 μικρὸν
1215 838 1391 925 ἐπιθήκισα·

695 954 761 1020 εἶτα
782 957 835 1019 νῦν
859 953 1042 1040 ἐξηπάτηκεν
1066 953 1084 1037 ἠ
1108 954 1209 1039 χάραξ
1231 954 1283 1038 τὴν
1307 951 1452 1039 ἄμπελον.

575 1216 600 1253 ν.
614 1197 689 1253 1290.
724 1196 796 1250 rand
813 1195 844 1249 R.
863 1193 894 1249 V.
914 1209 966 1249 see.
984 1192 1045 1248 Gob.
1064 1191 1136 1249 snit.
1153 1192 1252 1249 Inrern.
1287 1195 1368 1248 ταῦτα
1385 1195 1470 1265 vulgo.
1556 1228 1558 1231 -

591 1406 615 1441 v.
636 1387 710 1443 1290.
746 1384 794 1438 ὑπό
815 1402 852 1438 τιι
875 1384 982 1440 Person.
1005 1383 1046 1436 ad.
1069 1400 1094 1435 v.
1145 1403 1198 1437 νων
1216 1391 1272 1444 ταῖς
1291 1383 1419 1453 ἀμπέλοις,
1437 1383 1462 1437 οἳ
1479 1383 1705 1457 terminati·

540 1477 617 1529 vertit
644 1473 751 1539 ‚‚aiibi“:
778 1471 845 1525 idem
867 1470 979 1524 correxit
1001 1468 1093 1523 Athen.
1145 1490 1233 1531 σαντες
1270 1469 1449 1545 ι’νπεραὺξσνται
1483 1477 1536 1525 τῶν
1566 1473 1704 1543 ἀμπέλων.

542 1562 602 1625 XV,
625 1559 674 1613 693
688 1560 717 1623 b,
736 1559 810 1611 Mein.
835 1556 863 1611 Ο.
882 1556 917 1610 111
934 1573 959 1625 p.
978 1555 1028 1608 616
1047 1572 1094 1625 pre
1145 1558 1218 1622 Quod
1244 1574 1295 1611 non
1317 1557 1399 1612 solum
1421 1558 1452 1611 de
1476 1559 1574 1613 truncis
1593 1560 1703 1613 salicum

540 1644 628 1702 ιῦπστε
647 1674 679 1683 -
698 1642 747 1698 ὑπό
765 1663 796 1697 τι.
1145 1643 1196 1697 diei
1217 1646 1302 1713 potest
1322 1646 1542 1711 revirescentibus,
1559 1647 1606 1699 sed
1623 1636 1703 1700 etiam

591 1730 838 1805 inritationeschol.
862 1730 893 1782 R.
917 1728 977 1780 ἰδὼν
996 1725 1034 1780 ὅτι
1051 1727 1092 1797 βο·
1144 1731 1175 1784 de
1197 1732 1316 1784 arborum
1343 1732 1445 1786 omnino
1473 1733 1576 1796 umbra,
1604 1734 1702 1787 vitibus

540 1817 598 1893 ηθεῖ
614 1818 701 1882 οὐδείς,
719 1817 821 1887 γελάσαι
839 1814 865 1868 δὲ
884 1814 961 1884 μόνον
975 1812 1093 1867 antiton-
1143 1818 1243 1870 intesta.
1262 1846 1295 1854 —
1319 1817 1446 1886 Denique,
1469 1819 1539 1887 quod
1556 1819 1637 1873 schol.
1656 1820 1701 1872 ad-

540 1926 586 1971 σιν,
604 1902 736 1977 ἐπιθήκισα
754 1901 929 1966 (έκσλαὶιιεασα)
952 1900 996 1952 καὶ
1012 1898 1092 1970 ὑπῆλ·
1144 1903 1195 1955 dit:
1219 1902 1360 1975 ἐψηφίσατο
1382 1904 1430 1975 γὰρ
1453 1902 1466 1956 ὁ
1490 1900 1582 1957 Κλέων
1608 1907 1702 1978 μηκέτι

539 1990 584 2045 θον
603 1989 688 2043 αὐτόν.
716 1988 790 2053 Quod
808 1989 833 2040 in
851 1987 968 2040 Nubibus
981 1986 1089 2050 iactum3
1144 1988 1193 2041 δεῖν
1220 1988 1359 2059 κωμῳδίας
1386 1989 1426 2042 ἐπὶ
1447 1994 1484 2061 τῷ
1508 1987 1610 2063 θεάτρῳ
1634 1992 1700 2045 εἰσά-

540 2079 571 2132 ei.
598 2092 676 2145 supra
701 2092 724 2129 v.
752 2074 818 2127 1038
832 2090 886 2142 sqq.
928 2073 993 2125 Hine
1016 2068 1090 2144 πιθη·
1141 2072 1235 2145 peden,
1260 2073 1298 2128 ὅτι
1321 2074 1351 2145 δὴ
1371 2073 1448 2136 ξένων
1471 2077 1609 2149 παρόντων
1627 2078 1700 2131 πολέ-

539 2162 629 2233 ιιισμὸς
651 2162 696 2231 Eq.
713 2160 763 2214 887
787 2164 812 2213 et
835 2160 964 2231 έπιτέμιισα
982 2158 1090 2210 barbare
1143 2179 1189 2220 τας
1207 2161 1350 2215 ἔσκωπτονι
1369 2162 1395 2215 id
1414 2162 1447 2214 ad
1464 2178 1557 2231 magna
1574 2164 1701 2233 Dionysia

540 2251 640 2303 Thesm.
661 2247 734 2301 1133.
1141 2249 1268 2316 pertinere
1287 2251 1400 2312 constat,
1421 2248 1565 2317 Vesparum
1583 2249 1700 2303 fabulam

593 2354 616 2389 v.
636 2335 711 2387 1291.
746 2334 763 2402 ἡ
785 2329 878 2405 χάραξι
901 2330 978 2383 schot.
1004 2347 1090 2400 παριι·
1140 2334 1219 2402 igitur
1236 2334 1275 2386 his
1293 2335 1357 2402 ipsis
1369 2333 1507 2402 Dionysia
1525 2350 1577 2387 non
1589 2335 1699 2389 Lenaeis

500 2438 503 2443 ·
539 2423 583 2491 μέα
602 2420 661 2474 ὅταν
680 2419 727 2472 Ι’σπὸ
745 2422 789 2471 ταῦ
808 2418 951 2487 σωζομένου
964 2414 993 2468 τὸ
1007 2416 1087 2477 σῶζον
1141 2418 1241 2473 doctam
1268 2436 1323 2473 esse
1351 2420 1473 2485 ostendit,
1499 2437 1578 2489 quum
1603 2422 1699 2476 Noster

538 2504 656 2582 ἀπατηλῇ]
682 2501 762 2577 (πάθῃ
781 2504 862 2566 Suid.)
886 2500 982 2574 ἡὸταν
1000 2500 1089 2561 ἐξαπα-
1140 2506 1262 2558 fateatur:
1281 2503 1436 2579 ἐξηπάτηκεν
1455 2505 1472 2579 ἡ
1491 2504 1573 2579 χάραξ
1585 2508 1635 2578 τὴν
1649 2508 1698 2578 ἅμ-

536 2590 604 2667 reip
632 2611 669 2651 τις
686 2588 825 2647 πιστεὺσας.
862 2587 968 2655 „Ridiea
998 2587 1091 2651 delusit
1140 2591 1224 2645 πελιν.
1259 2592 1315 2646 Hoc
1333 2593 1438 2646 aee-edat
1455 2593 1488 2645 ad
1506 2597 1699 2664 argumentain

537 2680 638 2731 vitem.“
673 2677 790 2742 Namque
808 2673 880 2737 Cleo,
905 2674 970 2738 vitia
988 2674 1089 2743 in-Ari-
1139 2678 1239 2746 Proieg.
1257 2696 1283 2746 p.
1301 2678 1334 2731 27
1351 2678 1458 2748 prolata.
1540 2682 1542 2686 ’

538 2765 674 2832 stephane,
697 2761 790 2824 ridica,
814 2760 955 2825 nitebatur,
974 2775 1088 2830 speranS,
1191 2765 1273 2817 Aliter
1290 2764 1435 2818 Dindorfius
1453 2782 1556 2819 versum
1573 2768 1697 2838 explieat,

537 2867 594 2902 eum
612 2851 639 2902 in
657 2849 764 2917 gratiam
782 2863 868 2899 seeum
885 2846 991 2899 rediisse
1008 2861 1090 2914 neque
1141 2867 1219 2919 quum
1237 2851 1270 2903 ad
1288 2851 1367 2904 schol.
1386 2851 1469 2904 addit:
1486 2852 1542 2905 Hoc
1560 2857 1609 2919 est,
1628 2856 1697 2924 qnod

538 2952 566 2988 se
584 2936 692 3007 amptius
711 2936 857 3003 carpturum
876 2948 944 2985 esse:
967 2931 1012 2985 sed
1030 2947 1089 3000 spes
1141 2954 1164 2988 ν.
1191 2935 1256 2989 1045
1284 2936 1348 2989 dixit
1373 2938 1474 3009 πέρνσιν
1497 2940 1698 3013 καταπροῦδοτε.

537 3039 593 3074 eum
614 3021 714 3081 fefellit;
741 3020 885 3089 Vesparum
908 3018 976 3070 enim
999 3018 1026 3069 in
1052 3017 1089 3069 ia·
1142 3023 1179 3075 Cf.
1206 3022 1233 3075 Ο.
1252 3022 1280 3075 F.
1299 3024 1436 3077 Hermann.
1463 3024 1495 3077 de
1521 3027 1623 3080 iniuriis
1647 3031 1698 3083 etc.

538 3108 597 3161 bula
620 3106 737 3161 Comicus
760 3106 837 3158 etiam
859 3105 942 3157 acrius
962 3119 1019 3156 eum
1047 3119 1090 3171 ag·
1140 3127 1165 3178 p.
1184 3110 1208 3173 9,
1231 3109 1274 3177 qni
1294 3125 1396 3162 versum
1419 3110 1452 3162 ad
1470 3111 1583 3165 Nubium
1602 3130 1698 3167 'casum

537 3194 659 3262 graditur.
678 3222 712 3231 —
734 3192 776 3245 Ad
793 3189 971 3259 explicandum
989 3203 1091 3257 prover·
1139 3196 1278 3263 populique
1313 3196 1472 3264 iniquitatem
1502 3214 1533 3251 ae
1560 3198 1697 3269 perfidiam

536 3280 605 3332 bium
624 3279 704 3332 schol.
722 3280 797 3330 haee:
822 3277 885 3329 ἔστιν
909 3274 952 3328 οὖν
970 3274 1090 3346 παροιμία
1140 3285 1255 3351 spectare
1273 3281 1410 3335 contendit,

537 3364 585 3418 ἀπὸ
603 3371 656 3417 τῶν
676 3363 802 3432 καλάμων
820 3369 872 3415 τῶν
886 3361 1089 3434 προσδεσμουμέ-
