4484 5467
669 625 713 678 DE
732 625 890 678 TEMPORE
909 624 1067 677 rauthan
1086 625 1272 681 vusl‘hnvu
1291 624 1401 679 AGTAE
1575 626 1616 689 ‘29

456 797 596 882 potuisse
626 795 731 860 docere
753 796 963 878 contenderet,
999 796 1209 861 Callistratum
1232 805 1350 876 autem,
1384 801 1420 859 ut
1446 796 1617 880 primarum

456 908 598 995 partium
620 914 761 990 actorem,
785 909 902 973 alienae
924 909 1044 972 fabulae
1066 930 1178 974 nomeu
1200 930 1291 972 suum
1314 907 1460 971 indidisse
1483 916 1616 990 negaret,

458 1021 544 1084 hunc
564 1020 757 1084 Philonidern
779 1021 886 1084 eadem
908 1021 1119 1085 commissione
1143 1027 1173 1083 et
1194 1026 1313 1104 poetam
1332 1027 1362 1083 et
1377 1000 1508 1083 actorem
1523 1020 1616 1083 fuisso

458 1133 541 1197 dixit
563 1156 592 1218 p.
616 1134 673 1214 28,
702 1132 747 1197 ita
765 1139 809 1196 ut
837 1134 871 1196 in
893 1133 1047 1215 Proagono
1075 1132 1192 1216 agenda
1214 1139 1316 1216 poeta,
1346 1132 1459 1216 quippe
1482 1132 1617 1216 primum

455 1245 582 1309 tulisset
603 1245 791 1329 praemium,
820 1244 852 1307 in
875 1245 983 1329 Vespis
1006 1250 1088 1308 actor
1110 1251 1232 1308 tautum
1256 1243 1470 1328 Aristophanis
1492 1264 1547 1306 suo
1572 1243 1617 1327 ip·

457 1357 527 1421 sius
550 1357 674 1421 nomino
702 1358 838 1421 fabulam
867 1356 985 1420 edentis
1013 1357 1131 1421 luisset.
1176 1354 1262 1432 Quod
1284 1376 1377 1438 quam
1405 1376 1514 1439 parum
1537 1354 1617 1417 xori-

457 1468 564 1532 simile
585 1468 636 1550 sit,
659 1489 696 1532 ex
717 1469 804 1553 ipsis
827 1490 905 1552 quae
927 1490 1020 1552 supra
1042 1468 1079 1532 de
1094 1468 1243 1531 hodierna
1265 1466 1515 1531 didascalieorum
1538 1468 1617 1547 hag-

458 1585 636 1645 mentorum
658 1580 760 1644 indole
783 1581 919 1667 exposui,
943 1580 1076 1663 colligas.
1120 1578 1260 1663 Namque
1283 1580 1348 1644 siro
1370 1584 1475 1644 auctor
1497 1577 1617 1641 fabulae

456 1693 526 1756 sive
560 1699 641 1756 actor
670 1691 910 1758 'committendae
943 1691 1009 1755 eius
1043 1691 1201 1774 negotium
1233 1692 1381 1776 suscepit,
1419 1688 1618 1767 didascalieum

457 1811 560 1870 unum
576 1804 708 1869 auctoris
730 1825 842 1869 nomen
864 1804 1039 1869 exhibuisse
1061 1825 1115 1888 per
1137 1826 1170 1867 se
1192 1810 1327 1889 apparet.
1372 1802 1431 1879 Qui
1446 1802 1530 1866 enim
1551 1801 1618 1874 sieri

456 1916 571 2003 potuit,
593 1922 629 1980 ut
644 1916 837 1999 grammatici
858 1915 1062 1980 Alexandrini
1078 1922 1238 1980 auctorum
1253 1914 1378 1979 nomina
1399 1919 1534 1993 nossent,
1557 1912 1617 1976 nisi

456 2052 514 2116 per
537 2028 718 2093 didascalion
741 2026 969 2092 innotuissent?
1013 2028 1112 2104 Quare
1135 2026 1214 2091 nihil
1230 2026 1371 2110 equidem
1387 2025 1505 2089 obstare
1521 2024 1617 2105 video,

458 2142 537 2226 quin
561 2141 710 2224 Equitum
734 2140 909 2206 διδασκαλία
932 2140 1024 2203 fuerit
1046 2142 1107 2203 iere
1130 2139 1219 2203 haee:

910 2250 961 2322 Εἰς
984 2253 1101 2337 Λήναια

854 2364 903 2427 ἐπὶ
925 2362 1072 2450 ἄρχοντος
1094 2363 1316 2451 Στρατοκλέους
1377 2354 1380 2362 ’

811 2472 1031 2562 Ἀριστοφάνης
1048 2475 1185 2542 Ἱππεῦσι
1208 2500 1256 2563 πρ.

857 2586 957 2673 ὑπεκρ.
988 2585 1208 2673 Ἀριστοφάνης

815 2696 963 2785 Κρατῖνος
985 2698 1130 2787 Σατύροις
1153 2700 1229 2765 derit.

858 2811 958 2897 ὑπεκρ.

727 2933 730 2940 ’
812 2922 1028 3011 Ἀριστομένης
1045 2923 1227 3013 Ὓλορὸροις
1248 2950 1290 3011 τρ.

858 3036 958 3123 inexp.

458 3146 577 3212 Eadem
599 3146 717 3211 ratione
739 3146 766 3210 si
788 3146 907 3230 reliqua
921 3147 1109 3229 tractaveris,
1134 3147 1248 3231 ubique
1270 3146 1391 3211 salvum
1413 3146 1472 3210 erit
1488 3148 1619 3212 auctoris

458 3280 589 3336 nomen3
619 3263 710 3342 atquo
732 3280 784 3348 ea,
807 3279 885 3343 quae
908 3259 1049 3324 Comicus
1072 3260 1108 3323 de
1131 3259 1277 3345 primitiis
1299 3258 1470 3323 studiorum
1493 3280 1619 3323 suorum

457 3370 617 3459 praedicat
638 3370 729 3457 Vesp.
747 3371 827 3435 1017
844 3392 920 3455 sqq,
943 3393 1004 3436 non
1027 3372 1161 3457 amplius
1183 3377 1274 3435 erunt
1295 3370 1389 3435 dubia
1410 3370 1619 3435 obscuritatis-

458 3503 521 3568 que
543 3481 649 3568 plena‚
679 3504 776 3567 quum
798 3483 876 3548 nihil
899 3483 985 3547 aliud
1007 3484 1126 3567 dicant,
1154 3505 1246 3569 quarn
1275 3489 1397 3569 poetam
1425 3490 1496 3548 aute
1524 3505 1616 3567 quam

458 3597 526 3681 ipse
549 3615 604 3658 suo
627 3594 750 3659 nomine
773 3593 922 3680 prodiret,
945 3596 1096 3660 nonnulla
1117 3596 1267 3680 quaedam
1291 3617 1389 3680 neque
1412 3602 1515 3660 tamen
1538 3597 1618 3659 iute-

459 3729 531 3791 gras
554 3706 672 3771 fabulas
695 3706 764 3770 aliis
786 3706 884 3792 poetis
906 3707 1126 3792 suppeditasse.
