4484 5467
747 625 791 677 DE
810 624 967 678 TEMPORE
985 625 1143 677 FABVLAE
1162 626 1347 680 VESPARVN
1365 626 1477 678 horne
1641 668 1644 674 ,
1670 628 1690 690 9

535 819 567 882 p.
588 798 653 862 206
676 795 769 881 (285)
790 816 855 879 sqq.
898 796 1118 862 Verumtamen
1133 804 1334 864 monumenta
1351 798 1517 879 choragiea,
1540 819 1618 881 quae
1639 820 1691 864 su-

536 916 675 993 persunt,
698 907 911 992 inscriptiones
934 913 1008 972 sunt
1029 907 1063 971 in
1078 909 1232 994 lapidibus
1249 915 1395 995 repertae.
1434 909 1598 993 Pleraeque
1620 909 1692 976 illae

537 1020 764 1105 adpuerorum
785 1019 891 1084 choros
902 1020 1066 1104 pertinent,
1088 1022 1277 1105 formamque
1299 1042 1405 1085 earum
1422 1028 1491 1106 post
1506 1020 1693 1086 Boeclrhium

538 1131 626 1215 Corp.
648 1131 742 1195 lnser.
769 1132 834 1215 lp.
859 1131 920 1194 342
943 1153 986 1215 sq.
1016 1132 1051 1195 N.
1075 1135 1135 1196 211
1166 1134 1290 1198 reddere
1317 1132 1428 1197 inutile
1459 1133 1544 1198 soret.
1587 1133 1693 1198 Unum

537 1245 596 1307 hoe
617 1243 722 1308 licebit
739 1242 981 1307 animadvertere
1003 1265 1053 1308 eos
1068 1244 1249 1329 plerumque
1270 1267 1333 1310 000
1354 1251 1468 1329 poetas,
1487 1266 1584 1329 quum
1596 1245 1694 1330 poetis

538 1377 602 1419 000
624 1356 718 1419 suerit
739 1376 824 1439 0005,
847 1353 901 1417 sed
914 1355 1075 1437 magistros
1091 1356 1174 1422 chori
1196 1357 1300 1435 luisse,
1323 1357 1360 1421 de
1382 1357 1493 1441 quibus
1508 1357 1543 1422 in
1563 1356 1693 1442 inscrip-

537 1467 674 1560 tionibus
697 1468 745 1532 his
768 1473 828 1532 est:
851 1468 1005 1547 ἐδίδαακε;
1030 1467 1135 1553 itaque
1155 1469 1183 1532 si
1205 1490 1361 1553 comparas
1382 1452 1476 1533 Inscr.
1497 1469 1534 1532 N.
1556 1470 1618 1533 217
1642 1489 1694 1533 us-

537 1601 599 1664 que
621 1579 661 1644 ad
681 1562 720 1643 N.
734 1581 807 1658 226,
830 1580 924 1644 huius
945 1579 1029 1644 modi
1050 1588 1251 1645 monumenta
1273 1580 1430 1663 choragica
1450 1580 1607 1665 aliquanto
1628 1600 1694 1644 ma·

538 1692 613 1757 ioris
640 1698 714 1758 sunt
739 1692 873 1757 ambitus
906 1713 999 1777 quam
1026 1692 1147 1757 scenica
1168 1692 1240 1771 iNa,
1274 1693 1312 1757 de
1340 1692 1452 1776 quibus
1486 1714 1557 1757 1001
1585 1691 1694 1756 dicam.

518 1886 521 1892 Ι
539 1806 665 1892 Optima
679 1806 760 1871 inter
774 1805 857 1892 haec,
880 1806 952 1870 licet
966 1827 1027 1871 non
1043 1806 1273 1891 simplicissima
1290 1806 1429 1891 exempla
1443 1811 1517 1871 sunt
1530 1804 1694 1887 Lysicratis

538 1918 619 1985 illud
647 1923 678 1982 et
699 1917 853 2001 Thrasylli
880 1924 1130 1996 monumentum,
1159 1940 1289 2002 quorum
1316 1918 1447 1983 alterum
1473 1915 1637 2000 Lysicratis
1664 1921 1695 1979 et

504 2040 508 2047 ’
540 2031 713 2117 simplicius
734 2037 766 2095 et
787 2037 936 2115 tanquam
956 2031 1111 2116 specimen
1133 2032 1304 2113 genuinum
1325 2030 1517 2095 monumenti
1544 2027 1694 2110 choragici

540 2131 721 2221 adscribam,
744 2140 931 2228 quamquam
953 2146 1052 2209 aetate
1073 2142 1112 2206 ab
1134 2142 1230 2206 altero
1250 2147 1427 2227 superatur:

573 2246 772 2341 ’Λυσικράτης
794 2255 975 2319 1100110ίό00
998 2251 1162 2324 Κίκοννεὺς
1184 2255 1336 2339 ἐχορήγει.

585 2367 765 2452 Ἀκαμαντὶς
787 2366 903 2430 παίδων
927 2366 1020 2443 ἐνίκα,
1044 2363 1130 2430 Θέων
1153 2363 1250 2451 ηὔλει,

545 2481 699 2564 decadem
717 2477 883 2562 Ἀθηναῖος
905 2477 1052 2554 ἐδίδασκε,
1074 2474 1237 2546 Εὐαίνετος
1259 2476 1337 2562 ἦρχε
1358 2475 1414 2559 (50.
1430 2474 1550 2561 Olymp.
1567 2477 1638 2554 111,
1654 2474 1698 2558 2.)

542 2581 777 2673 Quodquidem
801 2593 1052 2665 monumentum,
1082 2608 1179 2671 quum
1208 2587 1242 2650 in
1264 2587 1333 2651 aliis
1356 2607 1469 2652 nomen
1490 2586 1589 2659 tribus
1610 2578 1716 2671 prae?
1814 2584 1818 2591 ’

543 2703 645 2781 cedat,
677 2702 793 2786 pariter
822 2706 917 2789 atque
946 2699 1161 2782 Thrasylleum
1187 2701 1275 2783 quasi
1308 2702 1424 2764 fastum
1449 2698 1602 2785 quendam
1629 2699 1698 2763 olet.

542 2815 610 2880 Iam
631 2836 704 2879 vero
718 2814 775 2880 hoc
790 2823 924 2901 apparet,
947 2815 1090 2898 choragos
1108 2814 1312 2880 certaminum
1326 2813 1522 2891 musicorum,
1545 2811 1699 2895 gymnico-

543 2948 617 2991 rum
638 2933 669 2990 et
684 2926 856 3011 tripodibus
877 2948 951 3004 usos¹
970 2948 1035 2991 esse
1057 2927 1096 2991 ad
1110 2927 1271 2993 victoriam
1292 2924 1512 3002 celebrandam,
1535 2930 1566 2988 et
1586 2924 1700 2988 tabulis

543 3038 688 3123 lapideis,
719 3038 841 3122 quando
870 3038 1022 3123 parciores
1051 3037 1167 3131 vellent
1188 3059 1268 3117 esse,
1296 3036 1471 3121 opulentius
1498 3041 1602 3100 autem
1624 3034 1701 3099 cele-

544 3149 656 3214 brandi
679 3171 775 3232 genus
796 3150 883 3235 prius
905 3150 1058 3214 interiisse
1083 3170 1178 3233 quam
1198 3148 1320 3213 tabulas
1340 3168 1451 3232 parum
1472 3146 1632 3231 speciosas.

630 3262 684 3326 lx.
727 3262 928 3327 Monumenta
941 3283 1029 3347 porro
1047 3261 1213 3343 choragica,
1236 3253 1348 3345 quibus
1369 3258 1543 3324 fabularum
1556 3257 1701 3322 victoriae
1759 3274 1764 3281 ’

544 3375 785 3453 celebrabantur,
809 3374 915 3438 eadem
929 3374 1047 3437 ratione
1063 3378 1209 3451 utuntur,
1232 3378 1262 3436 et
1283 3370 1416 3456 tripodes
1431 3375 1505 3434 sunt
1524 3374 1555 3433 01
1567 3368 1699 3433 tabulae.

546 3490 741 3571 Quamquam
763 3486 908 3551 Aristidis
935 3485 1014 3550 illud
1041 3490 1277 3549 monumentum
1303 3505 1375 3549 eum
1395 3480 1553 3552 Plutarchi
1574 3481 1700 3565 eiusque

545 3599 720 3663 auctoribus
740 3600 864 3665 10110010
884 3600 920 3665 10
933 3600 1133 3664 recentiorem
1147 3604 1279 3663 00101010
1299 3597 1367 3661 1010
1380 3617 1543 3683 possumus
1557 3594 1701 3679 (Boeelrh.

545 3712 566 3776 l.
588 3712 610 3776 l.
632 3733 661 3796 0.
685 3712 777 3796 342),
807 3720 901 3778 100101
927 3719 1031 3777 tamen
1053 3711 1267 3776 Themistoclis
1294 3710 1443 3775 memoria
1464 3714 1495 3774 01
1518 3728 1701 3793 monumen-

545 3829 616 3887 tum
648 3822 841 3905 choragicum
873 3845 967 3909 supra
998 3823 1167 3887 laudatum.
1216 3823 1348 3887 Deestne
1375 3822 1474 3886 tribus
1502 3818 1634 3886 nemen?
1667 3818 1702 3883 Si

547 3934 680 4005 eundem
702 3925 900 4002 Plutarchum
921 3936 1057 4004 Aristl.
1080 3937 1101 4001 l.
1123 3936 1290 4021 sequimur,
1313 3935 1406 3999 deest.
1428 3992 1430 3995 .
1449 3935 1493 3998 At
1513 3934 1598 3999 deest
1626 3952 1701 4016 quo-

546 4066 608 4131 que
629 4046 663 4109 in
685 4047 781 4110 Inser.
801 4046 890 4128 longe
911 4047 1077 4111 recentiore
1098 4047 1135 4111 N.
1158 4048 1246 4111 2261)
1269 4068 1300 4130 0.
1323 4047 1385 4110 909
1418 4067 1456 4109 ex
1478 4045 1598 4109 schedis
1618 4042 1701 4108 11111-

546 4158 687 4223 10110οἱοε
770 4227 772 4231 Α

591 4269 778 4357 Πυθόδωρος
798 4269 965 4355 'Eudiphos
988 4272 1141 4356 ἐχορήγει,

589 4380 789 4468 Ἀρίσταρχος
811 4383 958 4458 ἐδίδασκε,
980 4379 1097 4467 Χαρίας
1119 4380 1197 4466 ἦρχε

548 4493 584 4577 (1.
600 4513 626 4556 0.
648 4498 717 4577 0051
739 4491 857 4577 Olymp.
884 4492 968 4576 123).
1005 4491 1214 4557 Nihilominus
1236 4490 1410 4556 fabularum
1432 4488 1551 4573 generis
1572 4489 1703 4554 mentio-

549 4624 622 4671 nem
638 4606 764 4703 ΙΙ1001010
791 4626 858 4678 esse
878 4604 1043 4685 contendo,
1071 4611 1107 4670 01
1129 4604 1163 4669 10
1190 4606 1363 4687 fragmento.
1382 4600 1559 4667 brevissimo
1579 4600 1617 4673 N.
1639 4603 1702 4667 228
