4484 5467
574 624 620 677 Dll
637 625 809 680 IVDICIBVS
827 624 1085 679 Arnuumuslvu
1102 626 1284 691 Rsssvsovu
1301 627 1528 685 lVDlClALIBVS
1570 632 1630 695 157

1002 797 1049 862 lact
1076 799 1117 883 μή
1141 822 1214 863 ποτε
1236 801 1319 884 φάγῃ

782 908 914 996 σκόροδα
939 910 1015 995 μηδὲ
1037 912 1175 996 κυάμους
1199 910 1345 996 μέλαναςε

458 1015 584 1086 diserte
605 1019 687 1085 cives
709 1038 780 1084 suos
801 1023 951 1102 tanquam
973 1019 1057 1083 labas
1078 1020 1225 1084 esitantes
1247 1020 1337 1102 ludit,
1360 1028 1500 1107 recteque
1522 1024 1629 1088 schol:

458 1133 514 1199 ἵνα
540 1134 582 1219 μὴ
607 1135 716 1217 δικάσῃ
742 1132 819 1217 μηδὲ
841 1133 1015 1217 πολεμήσγγ.
1053 1134 1094 1202 εἰς
1116 1133 1172 1219 γὰρ
1195 1135 1245 1198 τὸν
1266 1134 1399 1220 πόλεμον
1420 1134 1546 1222 φέρουσι
1563 1136 1628 1201 σκό-

466 1240 559 1333 ροδα,
583 1246 611 1308 oi
634 1245 667 1309 δὲ
690 1245 825 1308 δικασταὶ
846 1245 995 1330 τρώγουσι
1017 1245 1164 1329 κυάμους,
1185 1244 1232 1308 ἵνα
1257 1246 1297 1329 μὴ
1322 1247 1521 1331 κοιμηῦῶσιν.
1559 1246 1629 1311 ὅθεν

469 1358 691 1443 ,κυαμοτμώῂ
714 1353 905 1442 ἀκμάχυλος“
929 1354 999 1438 (Eq.
1022 1354 1087 1437 41).
1127 1354 1255 1421 Prorsus
1277 1356 1360 1419 idem
1381 1355 1451 1440 Lys.
1474 1358 1536 1421 537
1559 1361 1628 1423 κυά·

432 1445 439 1460 ³
467 1492 549 1555 μους
570 1469 709 1555 τρώγων;
732 1465 825 1531 schol.
847 1467 866 1551 ἢ
891 1469 1030 1544 δικάζων,
1052 1466 1099 1531 ἵνα
1123 1470 1164 1553 μὴ
1189 1470 1353 1554 κοιμηθγῖς.
1390 1468 1488 1555 γέμων
1510 1471 1566 1556 γὰρ
1589 1471 1627 1534 εἴ.

463 1579 610 1665 Denique
636 1580 697 1644 Av.
728 1579 809 1643 1022
842 1580 858 1641 ὁ
885 1580 995 1664 κυάμῳ
1024 1582 1127 1665 λαχὼν
1155 1579 1237 1644 idem
1265 1586 1312 1645 est
1339 1579 1421 1665 quod
1448 1581 1627 1667 κλημωθείς.

464 1692 535 1758 Iam
557 1711 628 1756 vero
650 1694 681 1754 et
695 1688 888 1753 ecclesiastae
910 1693 941 1752 et
962 1688 1079 1754 iudices
1100 1711 1134 1753 re
1149 1711 1221 1755 vera
1235 1696 1451 1778 κυαμοτμῶγες
1473 1698 1570 1771 erant,
1593 1699 1628 1756 ut

464 1823 506 1867 ex
529 1802 639 1888 Vespis
654 1800 771 1865 Comici
792 1800 932 1883 colligere
954 1822 1127 1886 possumus.
1171 1803 1331 1888 Bdelycleo
1352 1804 1433 1890 patri
1455 1803 1627 1870 iudicaturo

464 1920 624 2001 apportat·
643 1913 756 1998 quibus
777 1912 816 1984 in,
834 1912 915 1977 iusto
937 1912 1098 1978 dicasteric
1120 1915 1242 1979 carebat
1263 1935 1356 1980 senex
1378 1936 1408 1981 ν.
1431 1917 1509 1980 805:

677 2024 752 2103 ἰδού,
774 2025 803 2088 τί
826 2022 870 2088 ἔτ’
895 2024 985 2111 ἐμεῖς;
1009 2027 1050 2095 ώς
1074 2024 1183 2089 ἅπαντ’
1207 2026 1268 2110 ἐγὼ
1291 2026 1374 2113 φέρω

675 2135 790 2222 ὅσαπέρ
811 2133 841 2219 γ’
867 2134 1011 2221 ἔφασκον,
1031 2135 1098 2200 κᾶτι
1120 2141 1229 2222 πολλῷ
1250 2138 1383 2215 πλείονα,

463 2248 621 2316 matulam
642 2255 758 2332 ergoet
779 2249 884 2331 ignem
899 2254 930 2312 et
943 2247 1067 2312 lentem.
1105 2249 1173 2324 Qua
1187 2249 1313 2332 quidem
1326 2249 1409 2313 lente
1427 2270 1529 2328 senex,
1552 2250 1624 2316 dum

463 2382 562 2428 causa
583 2361 694 2443 agitur,
716 2359 913 2425 vehementer
934 2358 1110 2438 delectatur,
1134 2381 1163 2423 v.
1187 2361 1265 2425 906:

646 2473 720 2560 φέρε
740 2478 802 2553 νῦν,
827 2475 891 2559 ἅμα
912 2472 994 2558 τήνδ’
1018 2473 1202 2559 ἐγχεάμενος
1223 2476 1307 2558 κάγὼ
1332 2476 1429 2561 ῥοφῶ,

464 2584 598 2652 calorem
620 2584 726 2651 laudat
746 2606 777 2650 ν.
800 2586 878 2651 918:

673 2698 788 2783 θερμὸς
810 2697 867 2783 γὰρ
890 2698 963 2783 ἁνὴρ
987 2696 1074 2761 οὐδὲν
1096 2696 1185 2781 ἧττον
1206 2703 1262 2782 τῆς
1284 2703 1394 2785 φακῆς,

461 2807 639 2904 furorisque
660 2829 757 2894 paene
779 2808 893 2874 oblitus
915 2814 962 2873 est
983 2808 1138 2875 iudicialis
1158 2829 1188 2873 v.
1212 2810 1290 2875 982:

663 2920 695 2992 ἐς
716 2921 860 3008 κάμακας·
883 2924 924 2992 ώς
948 2920 1003 2986 οὐκ
1026 2920 1141 3005 ἀγαθόν
1163 2920 1225 2985 ἐστι
1246 2923 1279 2985 τὸ
1305 2924 1414 3008 ῥοφεῖν.

664 3033 726 3118 ἐγὼ
748 3033 806 3120 γὰρ
829 3034 1023 3118 ἀπεδάκρυσα
1045 3036 1096 3096 νῦν
1119 3034 1241 3119 γνώμην
1263 3033 1348 3118 ἐμήν,

665 3144 753 3209 οὐδέν
774 3145 846 3209 ποτ’
872 3144 941 3229 ἄλλ’
965 3145 985 3228 ἦ
1008 3149 1063 3228 τῆς
1085 3149 1186 3230 φακῆς
1208 3144 1410 3230 ἐμπλήμενος.

462 3254 521 3319 ubi
542 3273 573 3317 v.
603 3253 696 3318 schol.
718 3255 918 3322 Manifestum
944 3276 999 3341 per
1025 3276 1058 3320 se
1086 3261 1147 3334 est,
1175 3276 1263 3320 senes
1284 3256 1319 3320 in
1345 3255 1470 3320 iudiciis
1497 3255 1625 3340 aliquid,

463 3365 551 3451 quod
570 3366 685 3431 famem
705 3367 841 3452 pelleret,
864 3368 971 3434 edisse.
1017 3367 1103 3444 Quod
1124 3389 1221 3452 quum
1236 3368 1371 3433 calidum
1392 3388 1458 3433 esse
1479 3388 1541 3432 non
1555 3389 1625 3454 pos·

464 3483 523 3556 set,
547 3482 580 3541 at
602 3483 721 3542 coctum
743 3484 808 3542 erat
829 3478 879 3543 vel
897 3484 1023 3544 tostum.
1066 3481 1174 3564 ltaque
1196 3476 1430 3544 scholiastarum
1443 3478 1625 3563 Aristopha-

464 3590 517 3654 nis
541 3590 756 3656 auctoritatem
777 3590 834 3655 hoc
855 3590 919 3657 loco
940 3590 1232 3677 lexicographorum
1255 3589 1449 3674 utHesychii
1469 3612 1494 3654 s.
1507 3612 1537 3656 ν.
1561 3595 1624 3657 διά-

464 3727 614 3791 φρυκτοςε
637 3709 761 3790 κλῆρος,
783 3703 902 3789 κύαμος
923 3742 965 3750 -
987 3706 1050 3769 ἀντὶ
1065 3709 1125 3770 τών
1149 3707 1269 3791 ψήφων,
1290 3703 1391 3785 Etym.
1407 3701 1450 3766 M.
1466 3707 1497 3767 et
1512 3701 1625 3770 Suidac

463 3838 489 3879 s·
502 3835 532 3879 v.
556 3818 765 3903 διαφρυκτοῦν,
788 3815 936 3898 Hesychii
955 3815 1092 3880 eiusdem
1114 3837 1138 3879 s.
1154 3836 1183 3879 v.
1206 3817 1387 3902 κυαμοτμώξ
1410 3818 1440 3878 et
1459 3836 1486 3878 s·
1503 3837 1530 3880 v.
1554 3842 1625 3904 φμυ·

464 3927 547 4005 acte,
568 3926 681 4010 Photii,
703 3926 837 3991 Pollucis
859 3926 941 4006 VHI,
966 3928 1004 3992 18
1026 3928 1178 4013 praeferre
1200 3948 1262 3992 non
1284 3926 1506 4005 dubitaverim
1528 3948 1624 4011 quum

463 4038 636 4104 absurdum
656 4039 735 4103 mihi
757 4044 903 4124 appareat
924 4060 1004 4121 csse,
1027 4040 1116 4104 tostis
1138 4038 1216 4104 fabis
1238 4037 1287 4103 uti
1306 4036 1399 4102 malle
1420 4037 1461 4101 acl
1481 4040 1625 4123 suffragia

463 4150 592 4215 ferenda
622 4172 716 4236 quam
745 4152 857 4217 crudis.
903 4153 986 4217 Tum
1011 4151 1040 4217 si
1071 4152 1159 4216 fabae
1188 4171 1221 4215 re
1250 4172 1324 4215 vera
1350 4150 1385 4213 in
1413 4171 1472 4215 usu
1499 4151 1623 4230 fuerint,

419 4336 424 4343 ,
463 4262 671 4329 Athenienses
692 4270 724 4329 et
744 4270 839 4331 tostas
860 4265 895 4329 in
916 4285 1009 4329 suum
1029 4263 1167 4348 ipsorum
1195 4263 1388 4327 commodum
1414 4283 1519 4327 secum
1540 4268 1623 4327 attu-

461 4376 538 4442 lisse
560 4381 592 4440 et
611 4376 721 4442 crudas
743 4377 783 4442 ad
804 4377 967 4443 introitum
990 4374 1144 4440 dicasterii
1166 4378 1317 4461 accepisse
1335 4372 1525 4440 crediderim.
1562 4374 1622 4458 (cf.

464 4487 504 4553 de
525 4488 668 4554 fabarum
688 4490 836 4575 religione
857 4488 985 4555 Lobeck.
1008 4486 1078 4571 Agl.
1101 4510 1131 4574 p.
1145 4490 1206 4552 251
1226 4487 1305 4572 sqq.)
1349 4486 1492 4549 Ceterum
1514 4485 1624 4552 Pollux
