4484 5467
1033 615 1229 673 ΣΦΗΚΕΣ

1049 785 1206 844 ΞΑΝΘΙᾹΣ

711 886 750 969 μή
772 909 822 949 νον
847 884 941 970 ἀφῆτ’
967 884 1010 949 ἔτ’
1035 885 1136 964 αὐτόν,
1160 890 1202 958 ύνς
1224 885 1287 951 ὄντ’
1312 886 1351 952 αύ
1375 890 1453 954 πολὺ

706 1002 804 1061 κυνῶν
826 998 966 1061 ἁπάντων
990 997 1083 1083 άνδρα
1107 999 1378 1085 μονοφαγίστατον,

705 1105 784 1179 ύστις
806 1108 1006 1194 περιπλεύσας
1027 1109 1078 1193 τὴν
1102 1109 1208 1173 tostas
1229 1111 1260 1174 ἐν
1284 1111 1386 1197 κύκλῳ

705 1220 737 1283 ἐκ
759 1223 819 1283 τῶν
842 1219 962 1284 πύλειον
984 1220 1034 1284 τὸν
1058 1224 1163 1307 σκῖρον
1185 1222 1369 1307 ἐξεδήδοκεν.

1022 1345 1231 1435 celerrimis.

705 1444 774 1527 ἐμοὶ
796 1443 836 1532 δέ,
850 1441 881 1527 γ’
908 1444 962 1507 οὐκ
986 1443 1051 1509 ἔστ’
1078 1446 1151 1511 οὐδὲ
1173 1449 1227 1530 τὴν
1251 1447 1353 1531 ὑδρίαν
1376 1449 1497 1510 πλάσαι.

593 1725 616 1770 l·
628 1724 678 1778 922.
712 1726 766 1778 οίκε
781 1728 812 1779 R.
830 1723 872 1779 Θε.
890 1726 947 1779 lld.
966 1727 1031 1779 lunt.
1043 1726 1118 1780 Kust.
1129 1726 1213 1794 Bergl.
1231 1732 1260 1780 ut
1277 1732 1358 1780 antea.
1377 1723 1486 1787 Ξανθίας
1504 1728 1654 1782 Brunckius.
1671 1761 1703 1766 —

624 1808 699 1880 ίφητέ
722 1811 749 1879 γ’
776 1811 860 1878 vulgo.
882 1810 965 1881 ἀφῆτ’
989 1811 1027 1862 ἔτ’
1050 1809 1138 1863 Cobet.
1157 1813 1248 1866 linem.
1267 1813 1283 1865 l.
1302 1814 1318 1866 l.
1337 1842 1369 1849 -
1392 1814 1429 1881 μή
1447 1832 1491 1864 νον
1510 1814 1584 1867 Βίηιί.
1605 1846 1636 1852 -
1656 1818 1704 1868 l'rc

620 1895 670 1948 ὄντ’
689 1896 730 1960 αύ,
748 1895 817 1965 quod
834 1895 885 1947 vim
903 1910 953 1946 ncn
971 1894 1082 1958 haberet,
1104 1894 1190 1948 Hctib.
1209 1912 1235 1964 p.
1256 1896 1304 1949 los
1322 1898 1460 1965 reponebat
1479 1897 1535 1951 ὄντ’
1555 1901 1593 1954 οῖν.
1611 1901 1702 1969 Bergk.

619 1983 655 2035 ed.
672 1982 695 2034 11
713 1998 820 2051 properi.
839 1982 922 2053 ἀφῆτε
938 1985 1036 2045 τοῦτον,
1055 1979 1092 2040 ὡς
1109 1980 1167 2034 ὅντ’
1186 1983 1212 2034 ἐν
1231 1983 1310 2037 πόλει.

588 2068 674 2122 celsi.
709 2066 739 2120 τύ
762 2073 846 2140 σκῖρον
868 2066 899 2119 R.
924 2064 954 2119 V.
972 2064 994 2117 B
1013 2064 1041 2118 G.
1062 2062 1091 2117 Α
1118 2066 1148 2119 τὸ
1172 2068 1255 2140 σκίρον
1279 2064 1306 2121 Γ.
1332 2068 1361 2120 τὸ
1386 2076 1485 2141 σκίρρον
1508 2072 1566 2124 Ald.
1590 2073 1655 2126 lunt.
1673 2073 1702 2124 τὸ

615 2155 713 2227 σκίρρον
731 2154 806 2209 Kust.
824 2152 933 2207 Brunck.
950 2151 995 2204 τὸν
1014 2152 1112 2225 σκίρρον
1132 2153 1204 2209 Suid.
1221 2154 1266 2207 τὸν
1285 2161 1370 2223 σκῖρον
1388 2158 1549 2213 recentiores,

500 2365 514 2401 ἱ
542 2407 569 2462 p.
587 2399 650 2451 366:
669 2397 686 2468 ἡ
705 2391 812 2468 ἀλήδεια
829 2393 921 2448 καὶτὰ
938 2394 1099 2466 πεπραγμένα
1150 2396 1251 2449 vocavit
1268 2397 1416 2448 mortarium
1427 2395 1566 2465 Antiphau.
1584 2415 1625 2466 ap.
1639 2398 1702 2452 Poll.

545 2485 606 2539 αὐτὰ
624 2484 682 2555 βοᾷ.
1149 2480 1185 2545 X,
1205 2480 1261 2533 103.
1279 2482 1354 2536 Mein.
1373 2481 1400 2535 G.
1417 2482 1453 2535 lll
1470 2499 1495 2551 p.
1514 2484 1554 2537 60.

592 2625 617 2659 ν.
645 2604 706 2658 023.
752 2603 856 2656 Poterat
889 2601 977 2654 ctiam:
1013 2604 1098 2652 κυνῶν
1200 2618 1224 2654 ν.
1243 2601 1300 2654 925.
1336 2602 1365 2654 ἐκ
1386 2608 1439 2655 τῶν
1465 2602 1577 2656 πόλεωνι
1604 2609 1633 2658 ut
1657 2606 1703 2675 τἠν

544 2694 664 2747 ἁπάντων
694 2689 910 2762 μονοφαγίστατον
940 2685 1018 2739 κύναι
1053 2685 1099 2739 sed
1149 2683 1235 2739 θυείαν
1256 2703 1302 2755 pro
1325 2689 1413 2741 Sicilia
1435 2690 1473 2742 vel
1501 2707 1570 2743 mare
1591 2691 1704 2743 Siculum

544 2778 620 2850 ἄνδρα
648 2777 715 2831 dixit
740 2776 831 2830 ludens
855 2779 885 2827 ut
910 2772 995 2841 paullo
1021 2787 1099 2839 supra
1149 2773 1226 2837 dixit,
1252 2774 1288 2825 ita
1309 2790 1377 2826 nunc
1399 2774 1428 2826 ἐκ
1448 2794 1472 2827 τ.
1489 2795 1516 2829 τι.
1538 2792 1585 2844 pro
1608 2777 1637 2828 ἐκ
1658 2781 1704 2845 της

543 2862 636 2937 δερμδς
660 2864 707 2935 γὰρ
730 2862 802 2935 ἁνήρ.
828 2858 982 2931 Μονοφοίγος
1000 2859 1030 2910 de
1048 2858 1099 2909 avi·
1149 2857 1242 2917 οοείας.
1259 2888 1292 2896 -
1310 2859 1339 2910 τὸ
1358 2866 1455 2930 σκῖρονι
1474 2862 1552 2914 schol.
1571 2862 1600 2913 τὸ
1620 2862 1703 2930 ῥυπῶ-

542 2953 580 3005 dis
597 2950 735 3018 avarisque
753 2948 818 3001 (lixit
836 2945 932 3014 Amips.
951 2961 992 3013 ap.
1012 2942 1099 2997 Atll
1149 2944 1189 3003 δες
1215 2945 1244 2996 τὸ
1271 2944 1310 2997 ἐπὶ
1335 2950 1388 2996 τῶν
1410 2951 1509 3016 τυρῶν,
1536 2946 1572 3004 ὡς
1595 2944 1704 3005 Εύπολις

541 3055 565 3105 p.
584 3036 601 3090 8
618 3054 641 3101 e,
666 3034 728 3088 ibid.
758 3039 910 3106 μονοφαγεῖν
932 3030 1099 3099 Antiphanes·
1148 3028 1242 3102 Χρυσῷ
1254 3032 1317 3099 γένει
1330 3030 1493 3103 -τροφαλὶς
1506 3060 1538 3067 -
1551 3038 1635 3101 σκῖρον
1654 3033 1701 3102 ημ·

541 3124 616 3176 llein.
636 3120 666 3175 0.
683 3120 708 3173 Π
725 3136 750 3189 p.
769 3120 817 3172 ‘lll
845 3122 872 3171 et
896 3119 924 3171 in
950 3116 1057 3169 addend.
1076 3115 1105 3167 V>
1149 3118 1277 3189 φιεσμένη.
1296 3117 1327 3169 ci.
1345 3118 1419 3170 Mein.
1437 3117 1507 3170 Com.
1526 3117 1537 3169 l
1554 3132 1579 3184 p.
1600 3116 1656 3169 185.
1680 3118 1703 3168 11

540 3228 565 3279 p.
585 3208 628 3262 80.
1149 3220 1174 3271 p.
1187 3202 1245 3255 538.
1272 3202 1321 3254 ἀπὸ
1339 3202 1429 3255 τούτου
1447 3204 1534 3255 καὶτὰ
1546 3202 1602 3254 λίαν
1615 3220 1702 3274 προσε-

592 3346 610 3380 v
638 3327 671 3380 92
671 3328 689 3379 4
731 3327 778 3395 τὴν
808 3322 907 3378 θυείαν,
937 3323 1007 3376 schol
1045 3322 1100 3375 ἀντὶ
1149 3289 1247 3362 γύμενα
1276 3286 1455 3362 ἐνεσκιρῶσθαι
1483 3288 1587 3358 λέγεται.
1628 3288 1701 3339 ilcirr.

612 3371 618 3382 ⁸
691 3368 697 3380 '
902 3364 907 3376 ¹
1009 3364 1015 3377 ’
1088 3408 1094 3428 ‚
1148 3375 1177 3427 τὸ
1208 3382 1290 3447 σκῖρος
1320 3376 1479 3428 scribendum
1512 3391 1580 3438 esse,
1610 3374 1702 3427 collato

1147 3463 1274 3529 Hesychic
1292 3463 1348 3514 sub.
1369 3480 1393 3516 ν.
1412 3470 1515 3534 σκεῖρος,
1534 3465 1620 3514 censet
1638 3459 1701 3512 cll

1147 3566 1172 3617 p.
1185 3548 1240 3601 185.
1268 3548 1410 3601 Brunckius
1428 3564 1486 3601 cum
1499 3548 1578 3601 Suida
1593 3563 1613 3600 s
1627 3564 1650 3599 ν.
1664 3547 1700 3599 le-

1147 3634 1223 3702 gebat
1239 3632 1283 3685 τδν
1302 3633 1400 3706 σκίρρον
1418 3635 1537 3687 innotis,

540 3420 586 3468 τού
615 3418 663 3483 τῒην
687 3408 818 3483 Σικελικὴν
847 3408 1009 3476 [οοίλασσαν].
1035 3427 1086 3481 παρ

540 3501 662 3555 ύπύνοιαν
682 3498 709 3550 δὲ
727 3498 778 3551 εἶπε
795 3495 836 3549 διδ
852 3496 896 3549 τὸν
909 3493 1016 3569 Χάρητα
1034 3497 1098 3558 (cor-

539 3586 676 3655 rigendum
704 3586 733 3635 ut
757 3599 834 3652 supra
856 3581 983 3657 Λάχητα),
1010 3580 1048 3634 ὅτι
1070 3581 1096 3633 ἐν

540 3669 646 3739 Σικελία
672 3668 709 3723 ὢν
736 3670 794 3729 τούς
824 3667 976 3728 Σικελιώτας
1001 3670 1098 3726 πάντας

539 3757 695 3831 ἐπραίδεοεν,
719 3757 750 3809 cl.
769 3756 849 3810 Thuc.
866 3756 914 3821 Ill,
937 3755 977 3808 86.
996 3754 1037 3809 88.
1057 3754 1097 3808 90.
1198 3772 1222 3809 v,
1240 3755 1298 3808 026.
1334 3755 1390 3823 ἐμοὶ
1411 3754 1445 3807 δέ.
1483 3755 1552 3807 Haec
1574 3755 1605 3806 de
1627 3754 1702 3822 plebe

542 3842 679 3898 103.115.
709 3842 824 3896 Eundem
834 3843 906 3911 tangi
918 3842 1027 3895 Acharn.
1041 3842 1099 3906 006,
1148 3842 1222 3894 arida
1238 3846 1313 3909 atque
1330 3841 1403 3893 diviti
1419 3842 1509 3908 cuique
1527 3842 1599 3894 irata.
1618 3840 1704 3893 Schcl.

502 3930 504 3934 ’
539 3932 642 3985 monuit
662 3929 750 3982 Elmsl.
775 3929 808 3981 ad
822 3946 854 3982 ·ν.
881 3958 915 3966 -
940 3924 1013 3980 iscla
1035 3926 1099 3996 δὲή·
1150 3926 1187 3979 ὅτι
1205 3927 1302 3996 λέγεται
1323 3927 1366 3978 καὶ
1387 3932 1420 3996 γῆ
1440 3929 1552 3999 σκιρρσίς,
1571 3926 1649 3995 λευκή
1667 3945 1704 3984 τις

540 4018 617 4089 ἴγδις,
643 4016 741 4086 ἀγγεῖον
765 4014 799 4074 είς
823 4014 836 4067 ὃ
858 4012 1027 4084 ἐμβάλλοντίς
1043 4032 1100 4066 τινα
1149 4011 1197 4079 [ὡς
1215 4011 1314 4085 γύψος],
1335 4013 1378 4065 καὶ
1397 4008 1499 4085 Ἀθηνᾶ
1521 4010 1639 4083 Σκιρροίς,
1666 4010 1704 4063 ὅτι

539 4103 676 4177 ἀρτύματα
693 4100 809 4172 τρίβομεν
827 4102 870 4153 καὶ
887 4100 1010 4169 λέιούμεν.
1036 4100 1101 4152 Lau·
1149 4099 1181 4173 τῇΙ
1213 4099 1291 4172 λευκη
1322 4099 1424 4172 χρίεται.
1465 4099 1503 4152 Cf.
1529 4098 1608 4151 schol.
1635 4097 1702 4148 Eccl.

540 4191 587 4244 dat
599 4190 738 4243 scholiasta
749 4188 810 4240 Pac.
823 4187 882 4241 228.
895 4187 953 4244 230.
984 4186 1101 4240 Occurrit
1152 4187 1183 4239 18
1206 4191 1231 4239 et
1254 4186 1325 4239 Suid.
1347 4201 1368 4238 s,
1385 4203 1409 4237 ν.
1432 4182 1531 4257 Σκίρον.
1550 4212 1583 4219 -
1601 4179 1703 4234 sicilicet

539 4280 675 4348 praeterea
691 4274 758 4327 Nub.
772 4274 821 4327 676
839 4270 865 4327 ll.
878 4271 1016 4345 στρογγύλη
1035 4273 1098 4325 Itan.
1150 4274 1226 4326 δὲτὰ
1245 4273 1361 4343 ῥήγματα
1379 4278 1432 4323 τῶν
1450 4270 1541 4342 ύδριιῖνν
1559 4269 1591 4341 τη
1604 4266 1703 4338 λατύπη

542 4365 600 4428 124,
629 4363 655 4414 in
683 4377 746 4429 qua,
773 4365 802 4413 ut
825 4360 930 4414 Ovidius
952 4360 1001 4423 ait,
1019 4358 1101 4411 lurida
1149 4360 1315 4413 διαπλάττειν.
1361 4357 1438 4410 Ludit
1467 4357 1585 4409 Comicus
1618 4354 1702 4405 verbis

539 4450 668 4504 terribiles
697 4448 805 4500 miscent
833 4447 945 4512 aconita¹
969 4461 1099 4499 novercae.
1150 4453 1233 4519 σκῖρον
1256 4450 1283 4498 et
1304 4443 1418 4515 σκιρράς,
1442 4458 1506 4511 quac
1524 4439 1636 4494 ciusdem
1654 4439 1703 4491 ori-

494 4563 498 4570 ¹
540 4536 608 4591 Plut.
633 4535 692 4587 719.
723 4534 782 4587 Pac.
805 4532 863 4587 235.
886 4531 944 4586 238.
967 4560 1000 4569 -
1021 4528 1098 4600 Ἴγδιν
1149 4533 1215 4602 ginis
1233 4535 1299 4585 sunt.
