4484 5467
681 612 726 667 DE
744 612 975 695 Passerinum
992 612 1255 669 nlsrnlssvrlenu
1272 613 1307 668 IN
1326 612 1444 666 vnsrls
1463 611 1571 667 ARIST.
1612 660 1619 671 ,
1659 612 1699 676 31

540 764 632 869 saepe
659 804 857 870 personarum
879 786 1006 851 nomina
1028 790 1206 867 mutentur,
1228 787 1316 850 nulla
1337 808 1369 849 re
1393 785 1453 849 nisi
1475 784 1701 849 distributionis

524 896 721 982 ,propositae
743 896 809 981 lege
832 904 966 981 cogente,
996 904 1032 964 ut
1052 904 1136 964 totns
1156 898 1208 962 hie
1229 897 1431 962 distribuendi
1453 896 1561 960 modus
1589 896 1622 960 in
1650 916 1702 961 su·

540 1008 712 1093 spicionem
735 1009 844 1073 merito
866 1010 992 1075 ineidat.
1032 1012 1193 1076 Praeterea
1213 1015 1277 1074 tam
1300 1010 1408 1092 ingens
1430 1015 1522 1093 atque
1543 1008 1701 1086 inauditus

541 1120 679 1205 partium
702 1142 849 1187 numerus
870 1122 905 1186 in
926 1122 1043 1208 aliquot
1064 1122 1177 1187 sabulis
1198 1122 1255 1186 uni
1276 1121 1402 1186 alteriue
1423 1120 1519 1186 aeteri
1544 1119 1701 1202 tribuitur,

541 1253 569 1296 e.
598 1253 627 1315 g.
656 1232 689 1298 in
716 1233 981 1317 Acharnensibus,
1016 1235 1152 1317 Avibus,
1186 1234 1296 1316 Bauio,
1324 1232 1423 1314 Pluto,
1451 1232 1502 1297 cui
1529 1231 1701 1294 satisfacere

540 1365 642 1409 unum
657 1344 812 1410 hominem
826 1345 971 1432 potuisse,
994 1346 1047 1411 vix
1062 1347 1226 1432 quisquam
1238 1346 1282 1411 sit
1296 1345 1349 1430 qui
1371 1344 1430 1409 sibi
1445 1348 1550 1427 lingat
1587 1343 1701 1419 Quam-

539 1478 636 1541 quam
656 1456 751 1540 igitur
766 1456 900 1522 similem
914 1458 948 1521 in
963 1457 1135 1523 comoedias
1152 1458 1291 1544 partibus
1312 1441 1531 1529 distribuendis
1552 1454 1701 1518 rationem

542 1568 730 1653 modumque
752 1567 847 1633 fuisse
869 1576 961 1654 atque
983 1570 1017 1634 in
1044 1569 1217 1654 tragoediae
1246 1568 1451 1635 certissimum
1477 1572 1569 1652 puto,
1596 1571 1700 1629 tamen

541 1678 685 1758 liberiori
705 1680 757 1745 via
779 1682 945 1767 Camenam
967 1681 1097 1747 hilarem
1126 1683 1299 1767 ingressam
1322 1701 1387 1745 esse
1415 1678 1573 1745 contendo.
1618 1679 1701 1754 Quae

539 1796 579 1856 ut
606 1792 824 1875 multitudine,
853 1794 1002 1860 varietate
1029 1816 1229 1880 personarum
1257 1814 1389 1859 sorerem
1417 1790 1588 1876 simplicem
1616 1809 1701 1853 seve-

540 1924 671 1988 ramque
686 1905 843 1990 superavit
857 1904 957 1989 longe,
980 1907 1026 1972 ita
1046 1914 1166 1992 quarto,
1188 1907 1215 1971 si
1229 1906 1290 1971 diis
1304 1904 1412 1991 placet,
1435 1903 1580 1987 quintove
1602 1908 1701 1966 actore

540 2015 698 2098 utebatur,
721 2023 776 2082 aut
797 2038 961 2084 numerum
984 2018 1114 2084 excessit
1135 2019 1174 2084 ad
1195 2023 1301 2104 poetae
1322 2015 1495 2081 arbitrium.

614 2127 669 2192 ll.
706 2128 912 2195 Horatianum
934 2130 1027 2195 illud:
1056 2152 1096 2195 ne
1117 2136 1228 2215 quarta
1248 2128 1332 2214 loqui
1353 2146 1483 2214 persona
1502 2125 1633 2191 laboret:
1662 2125 1700 2190 de

543 2238 682 2324 qualibet
712 2261 821 2324 scena,
853 2263 915 2307 non
948 2242 984 2307 de
1014 2241 1190 2308 tabularum
1222 2240 1439 2327 compositione
1465 2237 1699 2319 intelligendum

540 2370 618 2433 esse,
646 2351 723 2437 ipsis
750 2353 852 2418 verbis
880 2355 1086 2420 certissimum
1115 2362 1170 2437 est,
1199 2374 1357 2438 suamque=
1376 2351 1410 2416 in
1437 2371 1469 2415 se
1497 2350 1588 2413 habet
1616 2369 1699 2413 com·

540 2462 780 2533 mendationem.
824 2466 929 2551 Neque
955 2472 1097 2551 quartam
1119 2467 1153 2532 in
1181 2463 1340 2550 colloquiis
1367 2464 1432 2529 sive
1460 2461 1603 2548 episodiis
1630 2481 1699 2546 per·

539 2595 649 2639 sonam
671 2576 793 2664 saepius
815 2577 1039 2663 deprehendere
1061 2577 1270 2661 grammaticis
1283 2576 1395 2642 licebat
1409 2574 1540 2641 Graecis.
1574 2573 1698 2637 Trium·

540 2686 679 2752 virorum
700 2689 887 2772 tragicorum
915 2689 1054 2756 dramata
1081 2690 1158 2776 ipsis
1186 2695 1367 2773 argumenta
1395 2694 1492 2768 erant,
1518 2687 1698 2773 plerumque
1822 2731 1825 2738 ·

511 2825 513 2828 ’
539 2799 619 2863 duas
640 2820 784 2886 personas
807 2802 960 2866 suffecisse
983 2801 1141 2886 colloquio,
1164 2802 1286 2887 saepius
1308 2800 1362 2866 sed
1382 2822 1444 2866 non
1458 2800 1510 2881 ‘ita
1531 2820 1620 2885 saepe
1635 2806 1698 2864 tres

539 2912 695 2981 adbibitus
716 2934 790 2995 esse,
814 2934 946 2999 perraro,
968 2914 1063 2979 immo
1085 2934 1182 2999 paene
1203 2934 1357 2997 nusquam
1377 2917 1543 2996 quattuor„
1574 2911 1697 2994 Etenim

540 3029 652 3108 quarta
678 3025 737 3089 ista
764 3046 901 3111 persona,
930 3026 979 3091 cui
1009 3046 1120 3090 nomen
1142 3025 1237 3094 luisse
1259 3026 1506 3111 παραχορήγημα
1528 3023 1696 3106 credamus,

538 3140 595 3200 aut
615 3134 741 3201 lieentia
762 3143 817 3203 aut
839 3139 915 3204 vitio
938 3136 1079 3222 quodam¹
1091 3143 1198 3222 poetae
1220 3136 1366 3221 gignitur,
1389 3134 1443 3219 qui
1465 3154 1624 3200 scenarum
1647 3155 1695 3198 or-

538 3247 612 3312 dine
635 3255 755 3321 eoaetus
777 3250 815 3314 de
837 3249 928 3314 trinis
950 3249 1112 3332 actoribus,
1136 3249 1174 3313 dc
1195 3248 1353 3314 mutandis
1379 3247 1526 3328 vestibus,
1554 3246 1590 3309 de
1617 3251 1696 3310 tem·

537 3380 613 3445 pore
635 3360 674 3425 ad
697 3382 745 3425 res
767 3362 869 3427 varias
890 3361 1059 3426 necessario
1081 3362 1227 3445 cogitavit
1248 3359 1336 3425 nihil.
1373 3359 1459 3436 Quod
1480 3358 1533 3423 ubi
1556 3357 1696 3431 animad·
1775 3365 1777 3368 ’

537 3480 663 3556 versum
685 3479 732 3537 est
753 3474 787 3538 in
809 3474 971 3539 ediscenda
991 3472 1105 3561 sabula,
1134 3493 1153 3536 a
1180 3473 1308 3556 chorago
1329 3471 1486 3557 previsum
1514 3475 1569 3552 est,
1599 3475 1635 3534 ut
1657 3469 1695 3533 ad

538 3583 689 3648 usitatum
719 3591 856 3651 actorum
884 3605 1050 3650 numerum
1078 3585 1233 3649 accederet
1259 3588 1387 3669 quartus
1414 3588 1506 3647 actor.
1550 3582 1579 3646 ls
1601 3582 1708 3675 igitur
1751 3642 1756 3651 .

537 3694 686 3761 audiebat
705 3700 960 3786 παραχορήγημα.
998 3697 1057 3762 Cui
1071 3696 1268 3783 explicationi
1289 3695 1481 3779 grammatici
1502 3701 1619 3759 veteres
1634 3715 1695 3758 non

538 3814 721 3893 repugnant.
754 3805 897 3875 ‘Pollucis
920 3809 1003 3874 enirn
1024 3809 1118 3874 verba
1139 3809 1205 3893 (IV,
1230 3808 1305 3893 110)
1327 3809 1354 3872 al
1374 3808 1512 3893 τέταρτος
1534 3808 1695 3894 ὑποκριτής

537 3944 565 3997 τι
587 3922 842 4008 παραφθέγξαττο,
870 3926 960 3988 τοῦτο
983 3924 1231 4010 παραχορήγημα
1253 3922 1442 4006 ὀνομάζεται,
1469 3919 1542 3983 licet
1570 3920 1695 3983 obscure

538 4031 623 4096 dicta
653 4038 745 4118 atque
771 4033 932 4098 intellectu
960 4028 1098 4102 difficilia
1125 4034 1203 4098 sint:
1236 4038 1355 4113 tamen,
1377 4032 1404 4095 si
1426 4052 1580 4117 compares
1601 4030 1694 4094 schol.

538 4144 594 4207 Ar.
612 4138 693 4209 Pae.
721 4147 782 4209 114
810 4146 847 4211 de
877 4145 1007 4231 Trygaei
1033 4144 1152 4211 filiolis:
1185 4146 1221 4211 τὰ
1254 4149 1378 4210 τοιαῦτα
1410 4144 1693 4231 copulem-pipare

538 4260 700 4335 καλοῦσιν,
723 4259 778 4323 οἶα·
796 4262 848 4324 νῦν
871 4261 908 4325 τὰ
929 4259 1039 4324 παιδία
1053 4263 1138 4323 ποιεῖ
1156 4262 1306 4323 καλοῦντα
1328 4258 1378 4321 τὸν
1401 4257 1529 4343 πατέρα,
1550 4253 1692 4343 ¹quoties·

537 4389 666 4452 cunque
682 4390 827 4455 personae
849 4370 1018 4456 prodierint
1039 4393 1058 4435 a
1078 4369 1251 4434 triumviris
1270 4369 1470 4433 histrionibus
1490 4387 1588 4449 neque
1608 4374 1692 4430 actae

537 4501 638 4563 neque
666 4482 810 4564 agendae,
838 4502 890 4547 eas
917 4488 1039 4547 vocatas
1066 4503 1132 4548 esse
1159 4484 1451 4570 παραχορηγήματα.
1494 4478 1572 4542 Nam
1595 4500 1693 4563 quum

529 4592 583 4662 ibi
604 4613 711 4659 servus
733 4595 810 4661 alter
832 4601 900 4681 post
922 4619 951 4662 v.
965 4596 1156 4661 49>dornum
1177 4596 1317 4678 introeat,
1341 4594 1460 4676 filiolae,
1483 4613 1614 4675 quarum
1629 4615 1692 4659 rma
