4484 5467
928 623 1117 681 Pronnaea.
1154 623 1266 680 carui
1284 625 1307 681 ll

899 798 992 883 φθιοι,
1013 799 1145 883 τήκομαι

900 914 992 976 πύλαι
1013 912 1062 975 διὰ
1082 916 1140 996 τῆς
1162 911 1242 996 ὀπῆς

900 1022 986 1108 ὑμῶν
1010 1023 1182 1089 ὑπακούων.

540 1133 734 1220 Conspicitur
755 1135 838 1200 senia
852 1142 953 1220 eaput,
976 1134 1027 1199 eni
1048 1140 1112 1199 rete
1134 1134 1305 1219 impendet3
1327 1134 1410 1199 lilius
1433 1135 1562 1221 propius
1578 1136 1702 1201 cherum

540 1253 572 1312 et
591 1252 774 1333 specteteree
795 1247 830 1312 in
852 1247 1024 1329 coenaculo,
1046 1247 1129 1331 quod
1149 1254 1221 1311 ante
1243 1247 1321 1312 illud
1343 1249 1479 1313 foramen
1502 1253 1561 1331 eet,
1590 1247 1701 1315 dermi-

540 1358 658 1425 turiena
672 1359 833 1425 recumbit.
870 1360 970 1437 Quare
984 1366 1082 1445 peter,
1102 1380 1142 1424 ne
1157 1361 1340 1446 expergefiat
1354 1360 1448 1443 filins,
1468 1359 1563 1426 ehero
1577 1382 1608 1425 v.
1624 1361 1686 1426 337
1692 1386 1700 1425 ι

1058 1473 1107 1537 καὶ
1128 1472 1185 1559 γὰρ
1206 1475 1346 1559 τυγχάνει

900 1584 1002 1650 οὑτοσὶ
1024 1584 1155 1672 πρύσθιν
1178 1585 1345 1650 καθεύδων.

540 1696 624 1761 Idem
652 1715 725 1760 vero
751 1695 856 1781 paullo
882 1701 954 1761 ante
981 1697 1019 1761 de
1046 1698 1143 1771 servis
1170 1696 1348 1761 custodibus
1380 1718 1411 1762 v.
1441 1699 1520 1762 3192
1548 1703 1700 1786 τηροῦμαι

540 1810 564 1873 δ’
589 1809 647 1872 ύπδ
668 1808 767 1888 τῶνδ’,
788 1808 843 1872 uhi
865 1808 941 1872 bene
963 1809 1127 1875 scholiasta
1147 1809 1271 1873 Venet:
1295 1809 1353 1873 ύπδ
1374 1815 1435 1875 τῶν
1460 1812 1596 1876 οἰκετῶν.
1629 1810 1699 1874 Ser·

539 1941 593 1986 vos
614 1920 700 1985 enim
720 1920 829 1985 chorus
851 1920 1023 2005 eonspieere
1045 1927 1145 2006 petest
1164 1929 1197 1986 et
1218 1921 1412 2006 dignoscere,
1441 1921 1606 1987 dominum
1630 1942 1700 1987 vero

539 2053 636 2119 quum
657 2032 795 2099 nendnm
817 2032 938 2115 viderit,
961 2035 1082 2117 quaerit
1102 2056 1133 2099 ν.
1157 2034 1236 2098 333:

830 2147 875 2217 vl<
893 2148 951 2233 γὰρ
974 2146 1039 2212 ἔσθ’
1060 2150 1083 2212 ’ύ
1105 2152 1200 2213 ταῦτα
1223 2146 1247 2211 e'
1272 2146 1378 2233 εἴργων

830 2261 1019 2325 κάποκλοίων
1042 2268 1084 2344 τῇ
1104 2261 1200 2348 θύρας

539 2371 613 2454 qnia
634 2391 736 2435 servos
758 2371 874 2436 demini
897 2372 1028 2437 alieuius
1054 2372 1140 2436 iussa
1162 2391 1251 2454 agere
1272 2390 1334 2434 non
1354 2370 1485 2453 ignerat
1531 2371 1616 2447 Ques
1636 2393 1697 2438 eer-

538 2504 592 2548 νοο
614 2483 709 2548 etiam
729 2484 827 2566 magis
849 2485 1007 2569 perspicue
1029 2485 1182 2549 Philoclen
1203 2505 1233 2547 ν.
1257 2484 1319 2547 362
1341 2482 1509 2566 signifieat:

786 2600 829 2660 τὼ
852 2597 886 2661 δὲ
909 2597 950 2661 δύ’
975 2598 1075 2662 αὐτῶν
1098 2599 1147 2662 ἐπὶ
1168 2600 1247 2661 ταῖσι
1269 2595 1376 2681 θύραις
1398 2631 1438 2642 -·
1562 2586 1569 2597 ⁴

741 2737 744 2743 ·
788 2744 827 2754 —
850 2713 992 2796 τηροῦσιν

538 2826 620 2885 etv.
644 2821 723 2885 381:
746 2822 784 2906 ἦν
808 2822 983 2907 αἰσθομένω
1005 2821 1103 2886 τούτω
1128 2819 1253 2906 ζητῆτύν
1279 2819 1306 2904 μ’
1332 2820 1575 2904 ἐσκαλαμᾶσθαι,

540 2932 592 2997 ubi
615 2932 717 3018 ipsum
747 2933 874 2997 verbum
904 2935 1135 3019 ἐσκαλαμᾶσθαι
1161 2931 1199 2994 de
1228 2951 1385 2995 servornm
1414 2931 1536 3013 negotio
1563 2932 1697 3016 quodam

538 3052 714 3130 usurpatur.
758 3044 830 3109 Mox
852 3045 908 3110 reti
938 3066 1059 3130 perrese
1081 3045 1156 3108 dum
1178 3063 1270 3107 senex
1293 3064 1348 3128 per
1368 3044 1474 3107 funem
1496 3063 1528 3107 se
1550 3044 1696 3126 demittit,

538 3158 621 3222 lilius
644 3160 871 3243 expergefaetus
894 3158 1007 3222 clamat
1028 3179 1057 3221 v.
1080 3158 1158 3220 395:
1191 3155 1280 3226 οὗτος
1302 3156 1430 3241 ἐγείρου.
1474 3156 1562 3231 Quod
1584 3165 1622 3221 ut
1642 3158 1697 3221 uni

538 3291 625 3335 servo
647 3271 743 3356 pessit
757 3269 875 3344 dietum
896 3291 972 3352 esse,
996 3290 1092 3352 neque
1113 3273 1217 3332 tamen
1240 3268 1316 3331 bene
1332 3267 1455 3351 utrique
1471 3266 1595 3332 dieitur.
1634 3270 1699 3333 Aut

539 3383 565 3446 ei
582 3403 748 3448 numerum
770 3382 959 3466 singularem
981 3382 1058 3446 velis
1073 3379 1244 3461 defendere,
1267 3398 1425 3444 serverum
1448 3379 1525 3443 alter
1542 3388 1599 3444 aut
1613 3381 1698 3445 Xan·

537 3493 620 3558 thiae
642 3499 697 3558 eut
719 3493 822 3558 Sosiae
843 3494 882 3559 ad
910 3473 980 3559 solii
1001 3495 1139 3557 foramen
1161 3492 1255 3556 etiam
1284 3480 1367 3556 nune
1389 3492 1538 3555 excubare
1560 3492 1698 3575 eogitan·

538 3605 596 3669 dns
618 3611 681 3669 est·
719 3606 861 3669 Ceterum
882 3608 931 3672 vel
953 3625 1035 3671 unus
1057 3604 1185 3682 suffieit,
1209 3603 1262 3687 qui
1286 3623 1391 3666 senem
1413 3603 1447 3666 in
1469 3606 1538 3667 aire
1561 3604 1698 3687 penden-

538 3726 602 3781 tem
623 3718 775 3782 sustinere
798 3719 894 3803 pessit
915 3725 946 3782 et
967 3717 1124 3802 repellere.
1161 3717 1297 3801 Imperat
1318 3721 1421 3779 autem
1444 3715 1605 3779 deminae:
1629 3718 1697 3782 ἀνά-

539 3830 613 3918 βαιν’
638 3831 750 3901 ἀνύσας
772 3832 847 3895 κατὰ
867 3833 921 3916 τὴν
944 3831 1047 3915 ἑτέραν
1070 3851 1100 3892 v.
1125 3829 1202 3908 3983
1230 3827 1370 3911 adquae
1402 3826 1495 3891 verba
1516 3828 1699 3912 explicanda

538 3941 718 4027 plerumque
741 3942 864 4007 additur
887 3942 1005 4028 θυρίδα.
1050 3939 1329 4024 Ερυὶδοιιιιιιοθιιι
1358 3945 1413 4003 ent
1437 3940 1506 4004 ὁδὸν
1529 3945 1585 4003 aut
1607 3940 1697 4004 nihil.

538 4053 618 4119 lllnd
641 4054 738 4119 enim:
772 4056 900 4120 amende
923 4076 959 4117 ex
982 4045 1085 4118 ¹altera
1105 4060 1207 4137 parte,
1241 4052 1309 4116 eive·
1328 4051 1390 4116 alia
1412 4052 1477 4116 via:
1505 4050 1544 4116 ed
1573 4073 1698 4117 servum

538 4167 637 4232 adhue
659 4168 746 4233 humi
769 4168 817 4232 vel
840 4168 873 4231 in
897 4186 1020 4232 seamne
1042 4167 1193 4231 latentem
1215 4163 1364 4249 pertinet,
1387 4170 1424 4227 ut
1445 4169 1592 4245 exsurget
1613 4164 1698 4229 eeins

537 4281 631 4364 inque
653 4301 815 4344 scamnum
838 4279 1027 4343 ascendendo
1049 4278 1170 4343 obviarn
1200 4276 1305 4340 veniat
1336 4276 1403 4339 seni
1431 4274 1587 4361 pendenti.
1632 4278 1698 4353 Quo

521 4393 615 4458 'laete
637 4393 747 4457 cherua
769 4391 955 4455 l'hileclenni
986 4411 1073 4475 opem
1102 4389 1221 4453 laturae
1243 4409 1366 4452 servum
1394 4387 1585 4470 aggreditnr3
1614 4390 1698 4454 lilim

538 4510 641 4568 autem
662 4525 765 4570 serves
788 4502 873 4585 alies,
897 4503 1021 4584 Midam,
1051 4501 1212 4585 Phrygem,
1235 4500 1421 4584 llaeyntiam
1443 4498 1560 4565 auxilie
1582 4508 1697 4568 evocat.
