4484 5467
651 623 695 679 DE
712 623 883 679 IVDIOIBVS
901 623 1160 680 Arnnulnnslvn
1177 624 1357 690 nnssvsovn
1374 627 1603 682 IVDlGIALlBVS
1645 631 1705 694 149

537 798 642 882 igitur
668 795 760 862 litera
787 802 914 883 apparet
940 796 1149 881 significatum
1176 817 1241 861 esse
1262 797 1375 877 civem,
1404 798 1458 883 qni
1480 806 1548 885 pest
1569 822 1706 867 annuam

541 910 739 976 sortitionem
760 909 818 973 hae
838 908 953 973 tabella
973 931 1028 994 per
1048 914 1149 974 totum
1171 930 1289 974 annum
1303 911 1448 981 utebatur
1463 932 1591 997 eamque
1605 914 1705 997 magi-

542 1021 667 1105 stratui
691 1020 746 1106 qui
759 1022 897 1106 ¹singulis
919 1020 1112 1104 singulorum
1133 1020 1318 1085 iudiciorum
1332 1022 1542 1088 sortItienibus
1556 1030 1703 1110 praeerat,

542 1134 746 1200 monstrabat.
798 1133 884 1210 Quod
914 1132 1057 1217 equidem
1084 1153 1118 1197 eo
1145 1132 1243 1215 magis
1270 1154 1380 1198 verum
1407 1156 1472 1199 esse
1499 1142 1589 1221 puto,
1623 1137 1704 1221 quod

542 1246 794 1312 Schoemannum
820 1245 841 1309 1.
870 1244 891 1309 1.
917 1265 948 1328 p.
971 1245 1035 1309 204
1062 1244 1201 1309 eiusdem
1233 1246 1404 1311 sententiae
1436 1247 1615 1334 principem
1639 1268 1704 1313 esse

542 1359 644 1425 video.
679 1357 739 1435 Qui
761 1357 807 1422 ita
827 1356 943 1442 pergit:
969 1356 1070 1435 „Haec
1092 1356 1119 1420 si
1141 1356 1186 1420 ita
1200 1358 1335 1437 suerunt,
1357 1365 1545 1439 necesseest‚
1568 1360 1703 1425 diversas

540 1473 601 1537 has
623 1470 750 1536 tabellas
771 1468 865 1533 fuisse
887 1489 907 1531 a
929 1468 1094 1557 συμβόλοις
1116 1467 1181 1533 sive
1203 1470 1335 1551 tesseris,
1358 1490 1437 1554 quae
1458 1471 1612 1537 iudicibus
1634 1478 1704 1558 post

540 1583 735 1651 sortitionem
769 1582 967 1648 dicasterium
999 1579 1187 1644 intrantibus
1221 1601 1240 1643 a
1272 1582 1503 1665 magistratibus
1540 1584 1702 1666 dabantur,

540 1696 658 1782 quibus
679 1701 749 1780 post
769 1695 938 1760 iudicatam
960 1713 1085 1758 causam
1107 1691 1234 1776 prolatis
1255 1693 1426 1759 mercedem
1447 1697 1646 1783 acciperent.“
1661 1736 1703 1748 -

539 1810 611 1874 lam
632 1828 729 1892 quum
751 1807 788 1871 de
810 1808 938 1892 πινακίῳ
960 1806 1025 1870 sive
1043 1803 1157 1869 tabella
1171 1808 1308 1868 constare
1322 1806 1401 1870 mihi
1414 1808 1565 1889 videatur,
1587 1832 1702 1878 unum·

541 1940 698 2005 quemque
732 1939 800 1983 eam
832 1918 981 1997 iudicem,
1015 1916 1138 2002 quande
1171 1916 1315 1980 sortitum
1340 1918 1415 2002 iret,
1448 1941 1553 1985 secum
1583 1920 1702 2007 tulisse,

539 2031 717 2119 quaeritur,
749 2052 825 2095 num
851 2032 886 2096 τὸ
910 2030 1063 2118 σύμβολον
1094 2028 1249 2093 diversum
1278 2029 1372 2093 fuerit
1398 2052 1418 2094 a
1444 2030 1552 2097 baculo
1572 2034 1642 2118 ille,
1666 2037 1703 2101 de

540 2165 605 2229 que
633 2164 726 2228 supra
753 2142 884 2207 Suidam
910 2140 1086 2206 audivimus
1115 2145 1327 2224 exponentem.
1370 2141 1550 2209 Aristoteles
1578 2147 1703 2231 quidem

540 2255 627 2342 apud
650 2254 742 2320 sohel.
772 2255 834 2319 278
862 2254 950 2318 haee:
981 2255 996 2316 ὁ
1020 2254 1053 2317 δὲ
1076 2254 1177 2340 λαβὼν
1200 2255 1254 2338 τὴν
1280 2255 1438 2342 βακτηρίαν
1464 2257 1576 2343 βαδίζει
1599 2261 1641 2330 εἰς
1664 2262 1702 2324 δι-

539 2370 706 2456 καστήριον
722 2367 755 2430 rb
781 2366 935 2453 ὁμόχρουν
962 2365 1015 2451 μὲν
1038 2372 1080 2448 τρ
1103 2366 1258 2453 βακτηρία,
1283 2364 1365 2452 ἔχων
1382 2368 1416 2430 δὲ
1429 2367 1463 2431 ab
1479 2367 1552 2432 αὐτὸ
1567 2373 1703 2457 γράμμα,

539 2481 616 2568 ὅπερ
647 2481 678 2545 ἐν
706 2484 748 2563 ιγῙ
776 2481 907 2567 βαλάνιρ.
951 2476 1011 2561 (De
1041 2474 1139 2540 colore
1167 2477 1313 2563 scipionis
1341 2479 1393 2542 cfr.
1423 2478 1496 2542 Lex.
1524 2480 1601 2545 rhet
1630 2484 1703 2561 220,

541 2594 595 2657 17.
613 2597 644 2656 et
671 2590 764 2656 schol.
792 2590 848 2655 Ar.
875 2588 966 2674 Vesp.
991 2590 1090 2672 1110,
1124 2588 1179 2653 ubi
1208 2594 1375 2674 utrumque
1402 2591 1581 2657 baculorum
1609 2615 1704 2677 genus

538 2705 655 2770 diserte
676 2702 890 2787 significatur.)
934 2702 1052 2766 ἐπειδὰν
1077 2702 1110 2765 δὲ
1134 2700 1269 2787 εἰσέλθῃ,
1298 2706 1527 2794 παραλαμβάνει
1551 2706 1703 2795 σύμβολον

539 2816 678 2908 δημοσία
706 2815 787 2903 παρὰ
806 2818 875 2902 γτοῦτ
896 2812 1052 2900 εἰληχότος
1080 2812 1188 2899 ταύτην
1218 2816 1272 2899 τὴν
1304 2816 1413 2903 ἀρχήν.
1463 2814 1562 2880 Schol.
1598 2824 1704 2883 centra

537 2928 701 2995 luntinus:
735 2928 837 2993 ἐδίδου
866 2927 900 2991 δὲ
929 2927 946 2989 δ
974 2928 1071 3012 κῆρυξ
1099 2923 1203 2995 αὐτοῖς
1234 2927 1354 3014 ῥάβδον,
1386 2929 1451 3012 ἥτις
1479 2925 1517 3012 ἦν
1549 2929 1703 3019 σύμβολον

537 3047 596 3109 τοῦ
613 3043 752 3120 δικάζειν,
773 3039 823 3105 ἵνα
837 3037 963 3110 ἕκαστος
977 3037 1051 3102 καθ’
1076 3036 1206 3124 ἑσπέραν
1230 3037 1395 3108 ἀποδιδοὺς
1417 3044 1462 3123 τῷ
1483 3043 1624 3124 πρυτάνει
1647 3043 1702 3127 τὴν

541 3157 654 3244 ῥάβδον
670 3155 836 3241 τριώβολον
859 3152 1000 3240 λαμβάνῃ
1027 3150 1136 3237 μισθὸν
1151 3154 1207 3235 τῆς
1222 3151 1379 3220 δικάσειυς.
1412 3148 1592 3215 Aristoteles
1608 3151 1704 3234 igitur

538 3266 698 3331 diversum
724 3262 873 3329 baculum
901 3284 920 3326 a
947 3261 1100 3347 symbolo,
1129 3261 1292 3327 scholiasta
1319 3262 1401 3325 lunt.
1431 3282 1531 3325 unum
1561 3262 1704 3348 idemque

537 3379 637 3471 fuisse
658 3376 777 3442 statuit.
823 3373 993 3440 Scholiasta
1022 3380 1127 3439 autem
1149 3374 1285 3438 Venetus
1312 3373 1466 3438 secundus
1496 3374 1590 3438 etiam
1612 3396 1705 3460 quar-

537 3498 611 3557 tum
637 3488 723 3553 addit
749 3508 872 3553 nomen.
917 3487 977 3565 Qui
1004 3507 1102 3574 quum
1129 3485 1286 3551 mirabilia
1313 3486 1464 3571 quaedam
1487 3486 1524 3550 de
1545 3487 1705 3553 sortitione

538 3601 703 3691 protulerit
724 3600 820 3686 (apud
842 3599 974 3664 eundem
995 3605 1031 3664 ut
1051 3599 1133 3684 apud
1155 3597 1284 3663 Suidam
1311 3599 1347 3663 in
1368 3598 1485 3665 verbis:
1515 3601 1649 3671 πινάκιον
1673 3602 1704 3663 ἐν

541 3712 569 3803 ιρ
593 3713 836 3800 ἐγγεγραμμένον
859 3711 897 3798 ἦν
920 3712 953 3775 rb
978 3710 1076 3797 ὄνομα
1098 3710 1193 3777 αὐτοῦ
1216 3713 1341 3777 καὶτοῦ
1364 3714 1557 3799 δικαστηρίου
1572 3712 1706 3776 scriben-

539 3827 617 3893 dum
632 3846 738 3891 censeo
759 3827 813 3890 τοί
830 3826 972 3909 δικαστὴν
988 3823 1089 3907 εἶναι),
1111 3827 1226 3911 κλῆρον
1242 3822 1363 3907 cuique,
1386 3823 1406 3887 i.
1422 3844 1448 3887 e.
1464 3824 1553 3889 sertis
1568 3824 1702 3907 signum,

538 3938 692 4005 traditum
707 3958 772 4003 esse
795 3941 914 4001 narrat:
938 3938 988 4002 ael
1009 3938 1129 4023 πρῶτον
1156 3937 1210 4022 μὲν
1234 3937 1366 4001 ἐδείκνυε
1388 3944 1434 4022 aqi
1455 3919 1564 4023 κήρυκι
1587 3942 1642 4000 τοῦ
1666 3940 1705 4000 δι·

540 4052 706 4139 καστηρίου
729 4052 778 4117 τὸν
801 4054 915 4137 κλῆρον
938 4053 993 4114 τοῦ
1019 4048 1170 4133 στοιχείου
1198 4047 1323 4132 (quidni
1349 4048 1383 4112 τὸ
1412 4053 1467 4113 τοῦ
1490 4052 1606 4135 κλήρου
1631 4073 1705 4112 στοι-

540 4161 672 4252 χεῖονί),
703 4164 719 4227 δ
744 4164 777 4227 δὲ
807 4164 904 4249 κῆρυξ
934 4161 1038 4227 λοιπὸν
1068 4159 1170 4224 ἐδίδου
1200 4158 1285 4246 αὐτῷ
1311 4160 1344 4224 cb
1374 4162 1509 4225 cardamo
1538 4160 1633 4224 αὐτοῦ
1656 4162 1707 4224 καὶ

539 4278 597 4361 τὴν
629 4276 749 4363 ῥάβδον,
777 4275 842 4341 εἶτα
872 4264 969 4344 οὕτως
997 4272 1142 4346 ἐδίκαζεν.
1187 4271 1342 4349 Quomodo
1370 4272 1444 4336 haec
1471 4271 1553 4336 inter
1580 4292 1612 4336 se
1634 4292 1705 4336 con-

541 4385 678 4453 cilianda
699 4386 770 4465 sint,
794 4385 918 4451 difficile
940 4385 1033 4463 dictu,
1056 4384 1117 4448 nisi
1139 4384 1230 4449 malis
1245 4383 1478 4449 scholiastarum
1493 4383 1706 4448 auctoritatem

541 4519 686 4584 spernere
707 4498 923 4583 propriamque
944 4496 1071 4561 rationis
1086 4517 1180 4561 sanae
1197 4498 1280 4562 viam
1295 4496 1424 4578 ingredi.
1460 4495 1493 4558 Si
1507 4496 1576 4559 fieri
1592 4502 1703 4582 posset,

542 4610 620 4679 duas
641 4617 766 4677 tantum
780 4630 828 4678 res
842 4609 997 4677 iudicibus
1013 4608 1220 4693 concederem,
1243 4607 1390 4672 tabellam
1419 4608 1487 4689 „die
1502 4608 1702 4692 allgemeino“
