4484 5467
539 623 598 687 1⁹26
919 619 1107 674 PROLEGOM.
1144 619 1256 672 Cdl‘ll'l'
1275 619 1308 671 ll'

537 794 632 879 polis,
662 815 698 856 ex
728 793 827 877 lapide
856 794 957 856 excisa
985 796 1059 855 sunt
1085 792 1239 855 subsellia.
1283 793 1346 855 lam
1376 812 1448 855 rero
1471 792 1646 857 tribunalia
1663 792 1689 856 in

537 905 665 991 planitie
687 910 741 968 aut
763 903 794 966 in
819 904 898 967 valle
922 905 1003 968 intra
1025 903 1175 985 Pnyeem,
1204 906 1414 988 Areopagum,
1445 904 1629 991 Acropolim
1649 911 1692 970 aut

537 1017 594 1081 sub
615 1016 769 1080 radicibus
790 1015 941 1100 Areopagi
965 1023 995 1077 et
1017 1013 1175 1099 Acropolis
1203 1021 1319 1099 septem
1341 1016 1458 1080 triones
1482 1037 1597 1081 versus
1618 1025 1693 1081 erant

537 1131 604 1193 sita.
651 1127 735 1192 l'nde
769 1126 930 1190 eoniieiam
962 1127 995 1190 τδ
1025 1130 1144 1210 πρῶτον
1176 1127 1263 1199 ξύλον
1298 1148 1388 1191 sensu
1424 1129 1553 1213 proprio
1587 1129 1692 1194 dietum

538 1263 616 1318 esse,
654 1261 748 1324 eoque
781 1238 925 1301 subsellia
955 1238 1058 1318 lignea
1089 1237 1264 1317 significari.
1314 1238 1419 1323 Neque
1454 1246 1566 1305 tamen
1600 1247 1693 1306 eontra

538 1353 668 1417 audeam
690 1352 788 1415 multa
809 1349 920 1429 elicere,
944 1349 1032 1413 modo
1054 1350 1124 1431 quis
1147 1349 1289 1414 ¹sulrsellia
1318 1350 1440 1435 lapidea
1467 1351 1585 1432 fuisse,
1614 1353 1693 1417 certis

537 1462 726 1547 argumentis
747 1463 873 1547 probare
895 1462 999 1547 possit.

622 1574 690 1638 Xll.
734 1573 894 1657 Sequitur,
924 1581 960 1636 ut
986 1574 1024 1637 τὸ
1055 1576 1176 1661 βῆμα,
1211 1573 1309 1636 clarus
1341 1573 1392 1635 ille
1423 1581 1586 1640 oratorum
1614 1577 1692 1641 etin

537 1686 669 1751 comitiis
691 1693 721 1748 et
743 1686 775 1748 in
798 1684 920 1749 iudiciis
942 1684 1041 1766 loeus,
1065 1684 1166 1768 qualis
1189 1686 1289 1762 luerit,
1313 1685 1417 1769 paucis
1441 1682 1650 1753 adumbretur
1668 1697 1693 1751 et

538 1805 717 1884 exponatur.
760 1798 795 1860 ln
817 1796 1015 1861 Ecclesiazus.
1039 1796 1101 1861 678
1126 1796 1255 1881 Bleppro
1276 1796 1412 1879 roganti:

806 1912 839 1974 τδ
864 1911 896 1974 δὲ
920 1913 1004 1997 βῆμα
1026 1910 1054 1973 τί
1078 1934 1123 1973 σοι
1146 1909 1298 1995 χρήσιμον
1323 1906 1422 1984 ἔσταις

537 2020 707 2105 Praxagora
730 2022 905 2107 respondet:

887 2133 959 2203 τοὺς
981 2138 1133 2219 κρατῆρας
1155 2132 1331 2216 καταθήσω,

808 2248 929 2315 καὶτὰς
952 2245 1062 2330 ὑδρίας.

538 2360 625 2436 Quod
657 2359 694 2422 de
727 2358 877 2421 tribunali
910 2357 964 2420 lori
999 2354 1153 2419 iudicialis
1182 2355 1299 2418 dietum
1329 2375 1393 2417 esse
1422 2363 1572 2439 apparet,
1606 2377 1693 2442 quum

537 2472 674 2555 proxime
697 2467 856 2531 antecedat
878 2488 984 2531 versus
1005 2489 1098 2552 supra
1119 2465 1279 2530 laudatus:
1309 2468 1344 2530 τὰ
1373 2469 1555 2556 δικαστήρια
1578 2471 1696 2539 καὶτὰς

540 2583 639 2651 στοιὰς
668 2583 823 2667 ἀνδρῶνας
845 2582 940 2645 πάντα
963 2584 1095 2665 ποιήσω.
1140 2578 1234 2662 quue
1263 2577 1427 2642 scholiasta
1447 2579 1578 2664 probat,
1603 2601 1693 2666 quum

538 2692 627 2755 dicit:
651 2692 683 2755 τὸ
707 2689 804 2779 βῆμα]
830 2693 846 2754 ὁ
869 2692 955 2762 λίθος
976 2694 1006 2756 ἐν
1029 2700 1073 2778 τῷ
1097 2690 1286 2777 δικαστηρίῳ.
1331 2688 1482 2754 Similiter
1507 2692 1649 2759 Zonaras
1674 2715 1695 2757 s.

538 2824 567 2866 v.
593 2804 679 2873 λίθος
706 2807 760 2867 τοῦ
785 2805 991 2891 δικαστηρίου,
1014 2806 1063 2868 καὶ
1085 2830 1103 2888 η
1130 2806 1283 2889 δικαστικὴ
1307 2806 1453 2890 τροίπεζατ
1483 2809 1515 2866 et
1539 2803 1655 2871 Suidns
1673 2826 1695 2869 s.

538 2937 582 2991 ιη’,
605 2916 657 2978 sed
680 2915 760 3000 quod
783 2915 883 2978 addit:
907 2916 943 2979 od
969 2916 1082 3001 μακρὰν
1106 2918 1139 2979 δὲ
1162 2922 1221 2979 τῶν
1244 2920 1348 2980 πυλῶν
1371 2916 1404 2979 ab
1421 2918 1593 2982 δικαστικὸν
1613 2921 1693 3006 βῆμα

539 3028 702 3114 προσέταξε
726 3030 854 3112 δοθῆναι
877 3027 1042 3112 (Kusterus
1064 3027 1188 3111 τεθῆναι
1212 3025 1348 3104 coniecit,
1372 3026 1453 3111 quod
1474 3032 1641 3115 praestat),
1667 3028 1696 3093 id

539 3160 598 3224 quo
620 3142 749 3205 referam
771 3141 881 3205 nescio.
926 3140 976 3202 An
999 3138 1036 3201 de
1058 3138 1119 3201 situ
1142 3138 1307 3202 tribunalis
1330 3137 1491 3202 cuiusdam
1512 3160 1611 3227 prope
1627 3141 1695 3206 Pro

538 3251 646 3337 pplaea
678 3251 833 3335 loquitur?
871 3229 1013 3315 Eundem
1045 3249 1180 3335 lapidem
1215 3250 1427 3335 Blepsidemus
1455 3251 1489 3313 in
1517 3251 1613 3317 Pluto
1638 3254 1695 3319 382

538 3364 622 3445 dicit,
646 3384 742 3448 quum
765 3363 962 3446 Cbremylum
985 3362 1103 3447 aliquid
1130 3364 1210 3426 furto
1232 3361 1393 3425 abstulisse
1415 3363 1608 3448 suspicetur:

768 3477 830 3564 δρῶ
853 3476 909 3542 τιν’
935 3478 982 3540 ἐπὶ
1006 3481 1060 3540 τοῦ
1085 3477 1222 3563 βήματος
1244 3474 1469 3560 καθεδούμενον

765 3588 912 3676 ἱκετηρίαν
937 3587 1048 3675 ἔχοντα
1075 3588 1229 3674 μετὰτῶν
1253 3586 1380 3651 παιδίων

765 3704 890 3786 καὶτῆς
912 3701 1053 3787 γυναικός
1076 3702 1157 3763 -·”

539 3808 670 3896 Etymol.
698 3811 739 3876 li.
769 3836 792 3877 s.
823 3836 850 3877 r.
881 3817 966 3903 βῆμα
995 3814 1132 3899 σημαίνει
1160 3812 1193 3875 τὸ
1218 3809 1329 3895 λόγιον,
1352 3809 1432 3895 quod
1454 3812 1644 3879 mutandum
1664 3813 1694 3878 in

540 3920 573 3990 rb
597 3930 726 4009 λογεῖον.
770 3923 870 4009 Etym.
893 3925 971 3991 Gud.
997 3930 1096 4015 βῆμαε
1121 3927 1252 4012 βάδισμα
1267 3924 1286 4007 ἢ
1302 3921 1394 3992 τόπος
1410 3923 1526 4008 ὑψηλὸς
1543 3928 1694 4001 δικαστοῦ,

539 4031 594 4102 ubi
616 4032 729 4102 scribas
753 4037 954 4125 δικαστηρίου.
998 4037 1128 4119 Hesyeh.
1151 4059 1174 4099 s.
1197 4055 1226 4098 v.
1253 4038 1337 4122 βῆμα
1359 4034 1484 4098 πλείονα
1510 4036 1565 4121 μὲν
1592 4040 1693 4126 σημαί·

540 4172 592 4215 νει.
621 4145 789 4236 κοινότερον
820 4152 853 4214 δὲ
885 4151 964 4215 οὕτω
994 4151 1043 4213 καὶ
1070 4149 1104 4213 τδ
1128 4153 1258 4232 λογεῖον,
1290 4149 1392 4233 ὥσπερ
1423 4149 1453 4211 ἐν
1477 4148 1628 4237 ἐκκλησία
1649 4152 1694 4215 καὶ

541 4263 731 4350 δικαστηρίῳ.
760 4257 797 4347 ἦν
830 4264 863 4326 δὲ
885 4265 934 4327 καὶ
956 4264 985 4326 ἐν
1008 4260 1116 4348 Ἀρείῳ
1140 4264 1243 4346 πάγῳ,
1272 4261 1293 4323 i.
1316 4282 1343 4323 e.
1365 4261 1398 4324 τδ
1423 4262 1510 4348 βῆμα
1532 4260 1693 4348 Areopagi,

540 4376 666 4454 comitii,
689 4375 746 4439 fori
768 4371 921 4439 iudicialis
944 4380 998 4452 est,
1021 4370 1167 4437 translate
1191 4372 1285 4437 etiam
1305 4373 1428 4436 theatri.

626 4488 666 4553 Tb
699 4491 783 4576 βῆμα
812 4486 899 4551 audit
927 4486 994 4552 κατ’
1025 4487 1135 4573 ἐξοχὴν
1174 4488 1188 4550 ὁ
1218 4486 1319 4562 λίθος,
1348 4485 1442 4549 altero
1469 4483 1535 4551 loeo
1563 4486 1693 4555 alterum

540 4598 731 4686 significans:
754 4601 824 4667 Pae.
847 4621 876 4667 ι’.
899 4599 961 4666 682
983 4597 1047 4663 Pax
1069 4597 1126 4663 dea
1147 4599 1275 4681 quaerit⁷
1297 4597 1447 4663 Mercurio
1469 4599 1654 4687 interprete:
