4484 5467
747 601 792 655 os
811 600 969 655 rsuroas
987 601 1150 658 ruovora
1169 600 1353 654 vaerasvu
1370 600 1483 654 acras
1654 606 1693 669 19

535 776 642 854 luisse,
665 774 802 861 ipsarum
821 774 1071 840 commissionum
1093 776 1210 840 ratione
1224 774 1331 869 habita
1351 773 1447 838 nulla.
1490 776 1587 839 Immo
1608 775 1694 840 vide-

536 895 592 952 tur
619 908 681 951 non
708 886 753 951 ita
780 886 996 971 circumspecte
1019 885 1213 952 Aristotelioo
1240 908 1329 971 opere
1356 907 1432 950 usus
1461 907 1541 965 esse,
1570 887 1597 951 01
1619 888 1694 953 fides
1793 906 1795 910 ⁴

537 999 681 1063 habenda
709 1003 755 1062 est
782 996 896 1061 scholio
922 980 961 1061 ad
984 999 1056 1063 Eur.
1079 1000 1228 1064 Androm.
1257 1018 1425 1082 sanequam
1446 1005 1599 1085 corrupto:
1628 1003 1694 1065 εἰλι-

538 1114 650 1198 κρινῶς
672 1111 706 1174 δὲ
726 1109 798 1181 τοὺς
818 1113 873 1175 τοῦ
896 1112 1048 1195 δράματος
1069 1111 1199 1198 χρόνους
1222 1112 1278 1176 οὐκ
1301 1110 1364 1175 ἔστι
1388 1114 1499 1199 λαβεῖν.
1516 1100 1560 1175 οὐ
1583 1114 1695 1178 δεδίδα-

537 1248 606 1287 κται
628 1223 684 1308 γὰρ
704 1220 869 1307 Ἀθήνησιν
892 1220 960 1305 (pro
977 1221 1089 1306 quibus
1111 1224 1242 1287 scribere
1256 1222 1323 1288 καθ’
1349 1222 1403 1294 οὓς
1426 1225 1485 1288 δεδ.
1500 1221 1568 1288 ’Au
1591 1224 1696 1290 nullus

538 1334 671 1417 dubito).
708 1334 724 1396 δ
753 1331 1007 1419 δὲΚαλλίμαχος
1035 1335 1238 1421 ἐπιγραφῆναί
1265 1360 1338 1422 φησι
1360 1343 1401 1419 τῇ
1421 1336 1575 1422 τραγῳδίᾳ
1596 1339 1696 1426 Δημοῖ

538 1449 661 1531 κράτην.
703 1443 860 1523 Nimirum
880 1444 1074 1509 Democrates
1102 1452 1257 1511 00100001
1285 1446 1455 1531 primarum
1476 1447 1628 1530 partium,
1662 1423 1698 1514 ut

538 1550 727 1635 Philonides,
751 1555 953 1634 Callistratus,
975 1557 1188 1641 Apollodorus,
1218 1558 1286 1638 alii,
1315 1558 1407 1642 idque
1428 1558 1597 1623 seeundum
1618 1559 1697 1626 illud

538 1668 693 1762 scholium
708 1667 913 1732 Callimachus
937 1674 991 1731 aut
1012 1669 1181 1749 neglexisse
1196 1670 1319 1734 videtur
1336 1676 1391 1734 aut
1411 1670 1575 1752 ignorasse.
1612 1672 1698 1749 Quod

540 1781 668 1866 quidem
696 1780 790 1844 etiam
816 1779 916 1861 magis
954 1780 1033 1844 illud
1063 1784 1200 1865 ἐγκαλεῖν
1229 1781 1509 1867 supralaudatum
1536 1783 1698 1864 significat,

540 1871 647 1959 virum
661 1892 814 1955 illustrem
827 1891 933 1955 titulos
950 1873 1051 1977 potiris
1072 1899 1103 1957 et
1126 1893 1260 1972 nomina,
1282 1915 1345 1957 non
1360 1894 1589 1959 commissiones
1611 1897 1699 1960 fabu-
1773 1930 1775 1932 ·

540 2006 646 2069 larum
659 2024 716 2068 nec
730 2002 892 2067 sollemnia
906 2024 1005 2087 neque
1021 2010 1136 2068 actores
1151 2005 1414 2070 animadvertisse.
1451 2006 1591 2091 Denique
1606 2009 1698 2073 schol.

540 2120 597 2183 Ar.
620 2118 679 2181 Ar.
704 2116 785 2179 1242
809 2113 938 2177 eandem
961 2116 1152 2196 grammatici
1182 2117 1271 2199 quasi
1298 2116 1466 2181 socordiam
1492 2119 1600 2183 testari
1621 2121 1698 2184 mihi

540 2229 675 2294 videtur.
719 2226 805 2303 Quod
834 2226 999 2305 scholium,
1030 2249 1128 2312 quum
1155 2222 1239 2293 varie
1259 2235 1415 2293 tentatum
1442 2229 1484 2293 sit
1512 2230 1697 2310 aDobraeo,

493 2414 496 2420 ι
541 2340 579 2404 Ο.
602 2338 800 2416 Schneidero,
824 2338 908 2415 aliis,
939 2338 1081 2423 equidem
1103 2340 1148 2404 010
1169 2338 1334 2423 legendum
1355 2346 1443 2426 puto:
1473 2342 1489 2404 ὁ
1514 2343 1567 2427 μὲν
1584 2341 1699 2408 Καλλί-

544 2476 646 2540 μαχος
660 2452 790 2537 γράφων·
808 2451 918 2521 οὕτως·
940 2450 1117 2537 Λικυμνίαις
1134 2456 1248 2541 βολαῖς,
1269 2454 1350 2539 πυρί,
1371 2453 1479 2539 ταύτης
1494 2459 1549 2538 τῆς
1560 2456 1701 2542 Ιδιδασκα·
1791 2484 1793 2489 ·

543 2566 611 2635 λίας
634 2563 670 2627 οὐ
696 2562 851 2649 μέμνηται.
895 2561 1013 2638 Quibus
1046 2563 1147 2628 verbis
1180 2564 1207 2627 01
1235 2564 1422 2649 praemittie,
1456 2586 1534 2649 quae
1563 2586 1645 2629 nunc
1667 2567 1700 2630 iu

543 2679 606 2742 fine
627 2676 786 2759 leguntur:
809 2676 839 2739 ἐν
863 2675 1018 2760 Λικυμνίῳ
1032 2664 1165 2762 ’δράματι
1186 2673 1352 2763 Εὐριπίδου
1379 2678 1510 2763 εἰσήχθη
1532 2701 1575 2748 τις
1596 2702 1699 2764 κεραυ·

511 2853 513 2856 ,
543 2788 783 2877 νοβολούμενοςε
805 2806 913 2850 sensus
928 2791 990 2849 est:
1013 2785 1218 2851 Callimachus
1233 2789 1409 2874 Λικυμνίαις
1426 2792 1531 2876 βολαῖς
1545 2788 1701 2874 explicans

544 2902 627 2987 πυρί,
648 2898 770 2964 fabulae
791 2918 853 2963 non
875 2896 1057 2961 meminerat
1078 2897 1270 2983 Euripideae,
1299 2920 1398 2984 neque
1420 2899 1523 2981 igitur,
1545 2900 1620 2983 quid
1642 2901 1702 2965 0111

544 3011 640 3077 νο1101
662 3011 846 3096 Λικυμνίαις,
869 3009 956 3072 dixit
1001 3007 1088 3085 Quod
1109 3007 1192 3072 idem
1214 3008 1268 3073 alii
1291 3010 1418 3094 quidam
1439 3011 1635 3093 ignorabant,
1666 3018 1703 3077 ut

544 3123 709 3188 scholiasta
734 3122 839 3186 refert:
862 3123 893 3186 ἐν
914 3121 948 3185 δὲ
969 3122 1060 3191 ἐνίοις
1074 3126 1133 3185 τῶν
1154 3124 1305 3207 σχολικῶν
1323 3122 1520 3208 ὑπομνήμασι
1543 3124 1616 3208 (leg.
1632 3126 1702 3188 ὑπο-

546 3215 833 3322 μνημάτων)1ταυτ1
853 3234 1030 3320 γέγραπται·
1051 3232 1125 3303 ἴσως
1149 3234 1165 3295 ὁ
1189 3233 1352 3318 Λικύμνιος
1375 3235 1529 3321 ἐνεπύριαέ
1550 3261 1639 3300 τινιον
1664 3238 1702 3300 01-

545 3350 621 3418 κίας.
665 3345 753 3411 Vnde
781 3344 920 3427 colligas,
954 3343 1192 3408 didascaliarum
1225 3366 1317 3409 usum
1351 3352 1382 3410 et
1411 3346 1615 3427 cognitionem
1642 3368 1703 3412 nou
1822 3416 1824 3418 ,

545 3460 592 3524 110
618 3458 707 3542 longe
736 3458 872 3544 patuisse
898 3456 982 3541 apud
1010 3456 1192 3541 interpretes
1215 3456 1345 3537 Comici3
1374 3437 1596 3522 Callimachum
1623 3480 1703 3539 uero,

545 3569 636 3636 modo
657 3569 802 3653 respicias
824 3567 916 3632 schol.
938 3569 992 3631 Ar.
1011 3567 1091 3632 Nub.
1107 3568 1179 3646 552,
1202 3568 1236 3632 in
1259 3570 1465 3653 componendo
1488 3571 1603 3648 Πίνακι,
1624 3571 1704 3636 alius

545 3681 717 3759 cuiusdam,
740 3679 1060 3758 Αο10101011000111001,
1083 3700 1172 3764 opere
1195 3680 1376 3770 didascalico
1399 3681 1444 3745 ita
1465 3703 1558 3745 usum
1580 3705 1646 3747 esse
1668 3691 1705 3748 ut

545 3799 671 3857 tantum
699 3812 761 3856 non
783 3791 887 3855 omnia
913 3791 1074 3877 reciperet,
1105 3811 1215 3874 eosque
1243 3793 1383 3856 omittere
1396 3792 1535 3857 ‘debebat
1555 3795 1704 3859 librorum

546 3905 673 3983 1110100,
704 3903 759 3988 qui
786 3902 1007 3967 Alexandriam
1035 3904 1234 3988 transportati
1263 3926 1325 3969 non
1359 3910 1454 3969 erant.
1504 3906 1549 3969 De
1578 3908 1704 3991 reliquis

545 4038 636 4103 porro
657 4013 863 4098 grammaticis
886 4013 960 4078 satis
983 3998 1033 4078 est
1053 4015 1199 4079 Boeckhii
1220 4017 1322 4081 verbis
1344 4018 1364 4081 l.
1379 4018 1400 4081 1.
1423 4018 1484 4080 uti:
1511 4019 1613 4096 ,Quae
1634 4039 1705 4082 vero

548 4130 586 4194 de
607 4127 824 4214 superstitibus
845 4126 968 4208 tragicis
990 4132 1021 4190 et
1041 4127 1247 4212 Aristophane
1263 4128 1445 4193 didascalica
1458 4135 1632 4214 supersunt,
1655 4130 1702 4194 vi-

548 4243 661 4307 dentur
682 4257 794 4321 magna
821 4260 858 4302 ex
885 4244 971 4323 parte
993 4239 1209 4324 Aristophanis
1230 4240 1372 4322 Byzantii
1400 4241 1627 4306 commentariis
1650 4241 1703 4303 de·

548 4354 628 4433 beri,
651 4352 712 4416 alia
734 4357 862 4436 possunt
885 4372 921 4414 ex
936 4350 1106 4433 Aristarchi
1130 4358 1161 4415 et
1175 4351 1304 4415 Cratetis
1327 4352 1518 4418 didascalicis
1541 4360 1707 4436 propagata

549 4470 642 4531 esse.“
689 4464 792 4527 Minus
819 4469 907 4527 caute
935 4462 972 4526 01.
1001 4462 1199 4527 Casaubonus
1227 4464 1247 4527 l.
1275 4464 1311 4527 l.:
1349 4465 1490 4544 ,Praeter
1519 4485 1624 4527 omnes
1652 4465 1706 4530 100

549 4576 735 4643 industriam
757 4597 864 4639 <suam
902 4576 936 4638 in
971 4575 1030 4639 isto
1067 4575 1188 4657 negotio
1226 4582 1413 4661 occuparunt
1449 4575 1566 4639 nobiles
1607 4578 1708 4643 critici

1467 4677 1503 4732 Υ
