4484 5467
926 620 971 674 Dll
989 619 1102 675 GHORO
1121 620 1307 677 vasum
1656 626 1696 690 77

537 814 574 859 eo
592 794 761 875 diversum,
784 793 865 880 quod
878 798 947 879 post
968 795 1053 860 arsin
1068 792 1209 880 dipodiae
1229 792 1379 859 secundae
1400 793 1486 859 deest
1499 794 1604 874 thesis,
1627 817 1699 862 can·

537 915 592 973 tus
613 907 841 975 intermissione
862 905 1043 990 supplenda.
1086 908 1194 993 Itaque
1216 912 1271 971 aut
1287 904 1439 970 simillimi
1460 906 1576 972 fuerint
1588 905 1699 973 horum

537 1040 686 1086 versuum
707 1019 791 1085 modi
812 1024 868 1083 aut
897 1018 1006 1098 iidem,
1035 1019 1170 1085 admisso
1190 1019 1363 1084 intervallo.
1407 1019 1548 1084 Ceterum
1568 1020 1698 1103 vestigia

537 1152 646 1217 premo
661 1129 839 1195 Rossbachii
860 1129 948 1194 Matr.
963 1151 994 1215 p.
1010 1130 1083 1209 203,
1105 1131 1160 1215 qni
1173 1136 1287 1212 tamen,
1310 1151 1407 1215 quum
1420 1130 1509 1196 dicit:
1531 1132 1612 1213 „Der
1626 1154 1698 1216 syn-

538 1242 656 1329 copirte
678 1240 889 1307 catalectische
905 1241 1095 1306 'letrameter
1115 1243 1194 1307 wird
1207 1264 1268 1308 von
1290 1242 1532 1309 denKomilrern
1548 1265 1589 1309 an
1604 1245 1698 1309 Stellc

540 1354 595 1419 des
617 1352 845 1438 gewohnliehen
872 1353 1106 1418 catalectischen
1128 1354 1332 1419 Tetrameters
1361 1354 1526 1437 gebraucht
1553 1355 1619 1419 und
1640 1357 1697 1420 wie

539 1466 640 1534 dieser
657 1464 834 1530 monodisch
855 1485 927 1529 vom
942 1464 1125 1531 Chorliihrer
1139 1464 1211 1529 oder
1224 1465 1270 1529 im
1283 1465 1500 1530 monodischen
1514 1466 1697 1533 Amoibaion

539 1582 730 1662 gesungen“,
752 1575 877 1641 voculae
901 1576 1094 1657 „vielleicht“
1117 1575 1361 1659 immemorem,
1384 1577 1417 1643 in
1438 1577 1589 1643 eiusmodi
1608 1601 1697 1665 prae·

539 1691 637 1777 ceptis
659 1672 723 1755 non
744 1686 1041 1773 praetermittendae.
1091 1686 1231 1773 Namque
1263 1709 1334 1753 cum
1367 1689 1473 1753 eadem
1500 1690 1566 1754 veri
1597 1693 1698 1777 specie

540 1802 698 1887 quispiam
718 1806 817 1864 totum
839 1798 965 1863 chorum
986 1798 1041 1863 hos
1070 1818 1178 1863 versus
1199 1798 1345 1864 cecinisse
1366 1802 1570 1880 contenderit,
1598 1824 1697 1888 neque

541 1913 679 1979 dubitari
699 1917 812 1997 potest,
840 1910 917 1996 quin
938 1910 985 1979 vis
1008 1910 1123 1974 comica
1143 1911 1259 1975 mirum
1279 1918 1432 1995 quantum
1452 1920 1615 1996 augeatur,
1643 1915 1698 1980 ubi

540 2046 647 2091 omnes
670 2045 757 2088 senes
779 2044 851 2087 cum
872 2022 1014 2086 omnibus
1028 2022 1133 2106 pueris
1154 2044 1218 2086 una
1238 2042 1312 2087 voce
1326 2023 1485 2089 altercatos
1507 2046 1573 2091 esse
1587 2028 1698 2095 statui-

542 2122 633 2214 mus„
666 2137 780 2200 Versus
804 2140 909 2200 autern
930 2134 1089 2217 syncopati
1110 2155 1207 2218 qnum
1234 2134 1298 2199 sint
1319 2155 1446 2201 numero
1473 2137 1585 2220 viginti
1606 2140 1697 2224 quin·

541 2272 610 2336 quc,
633 2249 672 2313 de
689 2248 849 2313 modorum
866 2246 983 2311 ratione
1005 2245 1104 2328 aliter,
1127 2267 1221 2331 quam
1240 2267 1333 2332 supra
1347 2246 1463 2312 lactum
1484 2254 1539 2327 est,
1561 2250 1697 2315 iudicare

540 2384 603 2427 non
633 2361 779 2443 cogimur.
829 2360 929 2423 Possit
957 2360 1041 2423 enim
1068 2357 1165 2423 altera
1194 2379 1299 2423 eorum
1327 2379 1398 2444 pars
1427 2360 1514 2426 novis
1541 2362 1640 2427 modis
1667 2372 1698 2427 et

537 2473 725 2557 interrumpi
754 2478 786 2536 et
814 2472 929 2556 excipi,
957 2472 1069 2557 quippe
1091 2492 1154 2535 uno
1174 2471 1257 2536 vocis
1278 2478 1383 2536 tenore
1404 2492 1528 2537 carmen
1549 2475 1698 2540 stativum

539 2607 569 2651 v.
592 2586 659 2650 273
681 2606 746 2669 sqq.
769 2583 956 2665 adiungitur.
999 2584 1045 2647 De
1067 2603 1127 2667 quo
1149 2584 1284 2647 carmine
1304 2583 1440 2648 multum
1466 2584 1548 2650 inter
1568 2587 1698 2653 editores

538 2698 738 2783 disceptatur.
775 2696 884 2760 Varias
905 2695 1049 2759 lectiones
1071 2696 1153 2758 infra
1174 2694 1334 2760 additurus
1354 2696 1396 2759 ad
1416 2717 1523 2762 versus
1550 2698 1695 2782 singulos,

537 2832 625 2876 nunc
647 2830 708 2894 qua
722 2808 839 2872 ratione
861 2814 996 2871 metrum
1009 2806 1113 2871 sanari
1134 2807 1385 2891 praevideatur,
1408 2807 1517 2873 dicam.
1554 2811 1697 2877 Inversa

538 2922 603 2985 277
627 2940 682 3006 pro
704 2918 760 2983 εἶτ’
785 2918 969 3005 ἐφλέγμηνεν
998 2918 1093 2981 αὐτοῦ
1120 2902 1325 2983 scribendum
1338 2918 1415 2985 duco
1436 2929 1603 3006 praeeunte
1626 2925 1697 2987 Rei·

538 3033 620 3116 sigio
642 3032 849 3118 ἐπεφλέγμηνε
872 3030 900 3095 δ’
926 3031 1037 3108 αὐτοῦ,
1066 3030 1100 3093 in
1122 3051 1214 3095 versu
1235 3030 1298 3094 282
1320 3031 1510 3116 scripserim:
1540 3036 1697 3108 ἐξαπατῶν

538 3170 573 3209 τε
595 3144 694 3228 λέγων
717 3142 750 3207 t’
778 3140 845 3226 liic
874 3162 928 3227 pro
956 3144 1112 3217 ἐξαπατῶν
1135 3144 1185 3207 καὶ
1206 3142 1319 3227 λέγων,
1345 3142 1431 3207 inv.
1454 3144 1517 3208 284
1545 3148 1594 3210 διὰ
1614 3147 1695 3211 τόνδ’

538 3257 688 3341 ὠδυνήθη
709 3258 713 3340 Ι
732 3252 799 3341 κᾷτ’
824 3254 897 3325 ἴσως
911 3261 1005 3319 κεῖται
1020 3254 1181 3341 πυρέττων.
1217 3254 1356 3339 Denique
1370 3275 1501 3320 uersum
1515 3256 1580 3321 290
1600 3256 1698 3342 ὕπαγ’,

539 3371 649 3446 ὦπαῖ,
672 3368 776 3451 ὕπαγε,
800 3366 846 3431 bis
868 3367 1001 3451 positum
1025 3388 1090 3458 esse
1111 3373 1203 3451 atque
1218 3367 1311 3431 etiarn
1332 3368 1473 3453 strophae
1489 3369 1584 3433 tinem
1604 3369 1698 3433 hrisse

539 3484 612 3566 post
641 3500 670 3543 v.
693 3480 757 3544 280
778 3486 863 3563 puto.
907 3478 977 3542 Tali
1002 3479 1120 3544 ratione
1148 3485 1228 3544 certe
1254 3486 1387 3543 metrum
1414 3487 1588 3560 sanaretur,
1605 3482 1699 3565 quod

539 3614 597 3679 per
619 3612 652 3655 se
674 3591 749 3655 satis
771 3591 902 3675 simplex
925 3612 1023 3677 neque
1044 3591 1090 3655 ita
1111 3590 1315 3676 desperatum,
1336 3597 1373 3655 ut
1387 3592 1590 3658 Rossbachius
1611 3614 1699 3679 prae·

539 3703 661 3769 dicavit
681 3702 769 3766 Matr.
791 3724 821 3787 p.
840 3704 913 3767 445.
949 3706 1063 3769 Versus
1086 3711 1161 3771 sunt
1182 3703 1472 3787 dactylo-trochaici,
1494 3706 1622 3791 quintus
1644 3727 1699 3770 au-

538 3824 606 3883 tem
629 3836 667 3879 err
688 3814 821 3899 tripodis
842 3815 993 3880 trochaica
1014 3823 1134 3882 constat
1155 3837 1226 3881 cum
1247 3815 1390 3880 anacrusi
1412 3816 1575 3901 disyllaba:

613 3973 690 3992 aa„
705 3956 731 3989 a
771 3950 926 4008 nem-3
949 3929 1025 3993 arsis
1039 3929 1174 3997 trochaei
1187 3927 1281 4013 primi
1301 3931 1457 4016 τρίσημος.
1494 3932 1607 4015 Incipit
1627 3954 1699 3996 can-

538 4048 593 4105 tus
616 4039 655 4104 ab
682 4039 793 4104 Ionicis
815 4060 833 4103 a
855 4039 967 4104 minori
989 4041 1141 4125 quinque,
1170 4063 1301 4126 quorum
1323 4042 1441 4127 primus
1463 4043 1582 4125 syllaba
1602 4050 1698 4107 caret:

539 4179 648 4219 ΝΔ.
697 4179 840 4217 wa-
862 4158 935 4233 etc,
969 4152 1014 4216 ita
1035 4160 1071 4218 ut
1092 4154 1159 4218 eius
1181 4154 1258 4218 arsis
1279 4155 1334 4218 fiet
1354 4157 1549 4241 τετράσημος.
1593 4156 1639 4219 Ac
1661 4175 1699 4218 ne

540 4264 613 4349 quis
636 4267 691 4327 aut
719 4271 899 4348 anapaestos
927 4265 983 4328 hoc
1004 4285 1096 4329 versu
1118 4266 1267 4330 contineri
1295 4274 1413 4351 septem
1436 4272 1490 4330 aut
1511 4266 1700 4334 choriambon

539 4374 829 4463 hypercatalecticus
848 4384 992 4462 quattuor
1013 4400 1085 4442 cum
1100 4380 1252 4461 anacrusi,
1275 4379 1446 4461 contendat
1468 4386 1500 4443 et
1513 4378 1615 4443 ultimi
1631 4398 1700 4441 ver·

538 4512 594 4556 sus
617 4487 813 4573 strophaect
834 4494 968 4572 systema
989 4488 1172 4571 lonicorum,
1195 4490 1276 4574 quod
1296 4491 1445 4555 stasimon
1471 4490 1618 4573 sequitur,
1640 4491 1699 4555 im-

537 4602 681 4690 pediunt.
725 4600 839 4665 Versus
861 4601 955 4683 igitur
977 4601 1129 4666 secundus
1151 4607 1182 4665 et
1203 4603 1326 4684 tertius,
1349 4603 1425 4666 item
1445 4606 1571 4667 octavus
1592 4607 1624 4667 et
1644 4625 1699 4668 no-
