4484 5467
1029 597 1226 670 roditur

1044 771 1201 831 ΞΑΝΘΙΑΣ.
1304 799 1307 805 ·

1060 872 1188 936 τουτονί.
1294 851 1314 878 ”

1006 993 1242 1053 ΒΔΕΑΥΚΑΕΩΝ.

1185 1096 1504 1188 mffldmr‚·

699 1206 741 1281 τίς
764 1204 791 1274 εἷ
815 1203 882 1272 ποτ’
908 1204 1053 1294 ὤνθρωπ’
1079 1205 1179 1285 ἑτεόνς

1018 1334 1224 1396 (1111181698.

1187 1433 1277 1510 Οὖτις
1300 1437 1336 1524 νὴ
1357 1437 1423 1505 Δία.
1493 1528 1504 1532 ..

1004 1546 1241 1620 uutuuuuu'.

546 1673 596 1729 185
703 1654 793 1727 Οὖτις
818 1656 869 1733 σύ;
893 1656 1043 1738 ποδαπός

1023 1779 1229 1840 ΦΙΑΟΚΛΕΩΝ.

1021 1879 1140 1953 Ἴθακος
1161 1882 1454 1971 Ἀποδρασιππίδου.

910 2052 929 2059 ..
1001 2007 1237 2067 ΒΔῘᾺΥΚΛΕΩΝ.

698 2106 802 2186 Οὕτιςς
828 2108 869 2193 μὰ
892 2107 940 2170 τὸν
963 2108 1010 2175 Δί’
1038 2107 1103 2173 οὔτε
1124 2112 1283 2198 χαιρήσων
1307 2134 1341 2196 γε
1366 2110 1411 2174 σύ.

613 2358 690 2426 Atqui
708 2356 825 2409 Cratinus
843 2354 906 2405 dixit
925 2351 1024 2423 ὁρῶμαι
1042 2367 1082 2419 ap.
1102 2351 1240 2420 Hephaest.
1258 2352 1289 2404 de
1307 2356 1379 2405 metr.
1398 2351 1415 2404 8
1433 2368 1459 2421 p.
1479 2354 1524 2419 46,
1543 2355 1616 2409 Mein.
1632 2354 1683 2408 iou.

611 2446 632 2498 ΙΙ
650 2462 674 2513 p.
694 2444 734 2495 os.
771 2442 835 2492 Tum
858 2455 917 2491 roro
939 2440 979 2490 ναὶ
997 2439 1096 2490 τουτονὶ
1118 2438 1254 2490 admodum
1278 2439 1389 2506 languet.
1426 2437 1593 2507 Cogitabam,
1613 2440 1684 2509 timue

609 2530 743 2598 legendum
762 2531 805 2580 aut
823 2526 915 2594 ἴδωμαι
927 2525 1078 2578 serrandum
1096 2541 1160 2579 esse.
1191 2526 1285 2578 Servus
1298 2526 1387 2578 saltem
1405 2528 1510 2579 tantum
1522 2529 1622 2581 τουτονὶ
1632 2528 1685 2580 dixit.

558 2619 598 2670 'vr
614 2616 670 2670 184.
706 2611 826 2684 ὤνθρωπ’
851 2613 883 2666 R.
903 2612 932 2666 V.
955 2611 985 2665 Β.
1003 2607 1031 2665 Δ.
1055 2611 1088 2675 (ὦ
1107 2607 1229 2683 ’νθρωπ’)
1252 2611 1363 2666 Brunrk.
1386 2612 1487 2682 reliqui.
1524 2614 1610 2668 Antea
1629 2614 1687 2681 rugo

611 2701 737 2774 ἄνθρωπ’.
755 2702 777 2753 ὦ
792 2698 899 2773 'ripuar'
921 2701 997 2753 etiam
1014 2699 1112 2753 Daues,
1131 2700 1163 2752 Μ.
1183 2715 1217 2752 or.
1237 2716 1261 2767 p.
1281 2697 1339 2752 265.

574 2808 597 2843 r.
612 2790 668 2844 185.
703 2784 782 2847 Οὗτος
801 2786 1029 2840 Ald.1unt.Kust.
1059 2785 1121 2837 Post
1138 2785 1295 2838 Bruuolrium
1312 2801 1344 2838 ex
1362 2785 1418 2838 eod.
1438 2787 1468 2839 R,
1481 2787 1513 2841 V.
1533 2788 1563 2842 B.
1577 2784 1606 2843 Δ
1625 2784 1688 2845 uim:

611 2880 647 2930 ita
665 2880 691 2931 in
709 2876 812 2944 reliquis
832 2874 930 2925 duobus
948 2872 1010 2924 locis
1030 2868 1104 2935 οὔτις,
1121 2875 1182 2940 post
1199 2872 1340 2925 Bekkerum
1359 2870 1435 2931 οὔτις.
1461 2872 1633 2929 Scribeudum
1648 2890 1690 2929 oeu-

610 2982 654 3020 seo
672 2961 754 3023 Οὖτις.
790 2958 864 3019 Οὖτις
882 2960 959 3012 etiam
977 2957 1085 3011 Bentlei.
1104 2961 1130 3010 et
1147 2959 1244 3012 Dauos.

577 3071 600 3106 v.
616 3052 671 3106 185.
707 3049 756 3103 ἀπὸ
774 3045 896 3122 Δρασιππ.
915 3046 998 3114 vulgo.
1029 3044 1145 3098 Correxit
1163 3046 1274 3099 Elmslei.
1293 3046 1326 3099 ad
1344 3046 1454 3101 tham.
1472 3046 1539 3103 563.
1556 3053 1691 3120 receperunt

610 3140 686 3195 Diud.
705 3136 831 3204 Hirsohig.
850 3134 942 3200 Bergk.

576 3246 599 3281 v.
615 3227 671 3281 186.
706 3224 835 3299 χαιρήσων
859 3220 882 3291 γ’
909 3219 956 3274 ἔσει
982 3219 1058 3287 vulgo
1082 3221 1140 3272 ante
1161 3219 1304 3273 Bekkerum
1330 3223 1356 3274 ot
1377 3220 1549 3291 Hirsohigius.
1592 3222 1651 3277 God
1669 3220 1693 3275 1.

587 3427 610 3461 v.
631 3407 687 3460 184.
717 3406 798 3459 trodo:
816 3405 1009 3459 usitatissimum
1021 3403 1097 3456 inter·
1148 3405 1174 3454 et
1185 3402 1335 3471 Polyphemi
1346 3401 1459 3455 fabulam
1469 3401 1696 3459 Comicushisrer·

540 3496 700 3562 rogationum
717 3494 834 3556 uerbum,
857 3509 934 3560 quum
952 3491 1098 3544 dubitanter
1148 3488 1219 3540 situs
1240 3489 1394 3553 imitaretur,
1417 3504 1480 3546 usus
1499 3494 1542 3543 est
1563 3492 1654 3561 opinor
1667 3494 1697 3543 ter

541 3582 682 3649 quaeritur:
701 3579 732 3631 cf.
750 3579 817 3632 Nub.
836 3578 876 3631 35.
896 3576 1096 3632 9382615111.
1148 3575 1225 3627 verbo
1244 3571 1325 3639 Οὖτις,
1346 3575 1362 3627 i.
1381 3592 1403 3628 e.
1435 3575 1520 3628 Nemo
1546 3578 1611 3643 iste,
1635 3591 1697 3647 quem

539 3668 585 3735 Eq.
599 3666 640 3720 32.
653 3664 711 3719 733.
726 3665 799 3718 1246.
813 3664 888 3718 1392.
910 3666 987 3733 Vesp.
1001 3663 1026 3716 8.
1038 3662 1096 3715 836.
1145 3661 1226 3713 nostis
1243 3675 1337 3713 omues,
1487 3733 1489 3737 ι

540 3754 588 3806 Ar.
606 3752 664 3804 393.
690 3752 760 3804 Eeol.
787 3751 845 3804 376.
873 3751 936 3804 th.
958 3750 1016 3802 322.
1039 3748 1096 3800 609.
1189 3741 1429 3817 'Auoipueutrrtiour
1448 3747 1531 3803 schol.
1549 3747 1699 3804 πέπλακετὸ

541 3840 642 3907 vtique
660 3840 759 3891 nostro:
778 3838 889 3891 wirldieh
908 3837 962 3889 vel:
984 3836 1051 3887 deun
1071 3835 1097 3886 iu
1147 3830 1229 3901 ὄνομα
1247 3832 1295 3885 ἀπὸ
1313 3836 1358 3886 τοῦ
1377 3830 1532 3907 ἀποδρᾶναι,
1556 3829 1643 3910 ὥσπερ
1659 3834 1699 3889 ἀπὸ

540 3924 674 3977 Wahrheit
708 3923 779 3976 reddi
808 3926 901 3992 potest.
925 3951 958 3959 -
981 3920 1051 3972 τουτὶ
1073 3919 1098 3971 τί
1148 3916 1316 3989 φυλῆςὴάπό
1326 3920 1413 3989 γένους
1423 3921 1543 3991 φάσκων.
1557 3922 1701 3978 Tantumde

541 4011 572 4082 ἦν
590 4025 637 4079 pro
655 4008 713 4073 ἐστι,
732 4024 782 4061 non
799 4014 851 4062 tam
863 4011 967 4077 propter
979 4009 1097 4069 metrum,
1146 4020 1251 4072 guttere,
1278 4020 1328 4058 nou
1351 4006 1383 4062 rie
1404 4020 1472 4074 pago
1495 4008 1610 4076 cogitari
1631 4008 1702 4062 forma

541 4114 617 4166 quam
635 4112 713 4164 quum
734 4095 809 4163 primi
832 4094 967 4163 adspectus
985 4092 1024 4144 vis
1042 4093 1095 4143 tam
1146 4089 1217 4141 vorbi
1240 4090 1319 4144 iubet.
1354 4092 1494 4145 uerterunt
1520 4096 1623 4148 tamen:
1644 4093 1702 4146 idra-

541 4183 625 4235 subita
643 4184 669 4233 et
684 4182 822 4249 improuisa
840 4184 886 4244 est,
904 4183 933 4233 ut
951 4179 1038 4232 eodem
1052 4192 1094 4229 ve·
1150 4191 1196 4229 cus
1219 4192 1251 4229 ex
1276 4176 1400 4244 Fugaeia3
1427 4193 1508 4246 quum
1541 4181 1577 4234 sit
1603 4178 1703 4249 rugatis

540 4269 616 4335 stigio
645 4266 805 4336 praeteriisse
830 4267 953 4320 uideatur.
999 4263 1094 4316 Eadem
1146 4261 1222 4320 filius,
1253 4263 1293 4314 An
1305 4263 1440 4330 legendum
1452 4262 1502 4317 ἀπὸ
1515 4260 1703 4337 Δραοιππδῶν1

540 4368 645 4421 prorsus
663 4352 760 4404 ratione
778 4368 824 4404 nos
841 4354 867 4405 in
889 4352 965 4405 simili
983 4366 1045 4403 casu
1063 4350 1094 4401 de
1146 4347 1283 4416 Comparat
1301 4348 1376 4401 Diud.
1404 4350 1469 4403 Rau.
1499 4350 1583 4406 1014:
1615 4350 1703 4423 ustor·

538 4438 668 4506 praesenti
684 4454 711 4490 re
733 4454 854 4506 quaerere
875 4439 986 4491 solemus
1009 4437 1094 4489 obstu-
1148 4433 1279 4487 απολῖται.

539 4524 632 4591 pefacti
651 4524 690 4576 uel
708 4524 837 4576 admirati:
855 4522 917 4575 Was
935 4539 986 4596 war
1004 4521 1065 4573 das?
1180 4538 1203 4573 v.
1226 4521 1281 4574 186.
1309 4522 1425 4575 Praestat
1439 4523 1611 4595 iuterrogatio
1625 4520 1703 4586 otae

592 4626 615 4660 r.
640 4609 696 4662 185.
735 4609 818 4680 erum
837 4609 994 4661 notissimam
1012 4608 1094 4662 Vlixis
1146 4607 1217 4660 Tune
1235 4609 1283 4661 iste
1302 4609 1399 4662 Nemo?
1422 4612 1466 4663 aut
1484 4610 1625 4668 Nihilusne
1646 4614 1704 4667 iste?
