4484 5467
932 641 1310 701 naeuosovrsmnvu
1653 650 1694 716 63

535 817 726 884 orchestram
746 814 843 880 intrat
868 814 1065 901 oonspioiqne
1086 838 1106 881 a
1126 823 1332 923 speetatorum
1357 824 1445 904 porte
1464 826 1579 905 potest,
1607 842 1696 908 paro-

537 930 616 995 dum
636 940 745 995 canere
774 924 874 1012 eoepit
900 946 999 1011 noque
1021 927 1108 1013 prim
1129 928 1233 993 looum
1253 928 1406 994 choreutis
1438 930 1626 997 destinatum
1646 954 1696 999 ee-

536 1042 622 1129 pisse
643 1038 800 1127 putandus
820 1044 877 1119 est,
905 1059 999 1123 quam
1018 1045 1090 1125 post
1109 1060 1235 1106 versum
1255 1041 1329 1122 487,
1352 1047 1514 1127 postquam
1536 1043 1696 1128 Bdelyoleo

537 1156 574 1221 in
595 1154 715 1220 iustum
735 1155 891 1222 esttamen
913 1138 1092 1237 eum'patre
1114 1151 1280 1217 deseendit
1316 1153 1362 1217 De
1384 1154 1488 1234 variis,
1509 1176 1587 1241 quas
1608 1177 1696 1221 ooeu·

537 1272 610 1353 pat,
637 1264 822 1331 stationibus
848 1263 955 1329 statim
981 1264 1194 1349 expositurus,
1221 1286 1305 1329 nune
1327 1264 1365 1329 de
1386 1259 1513 1351 paredo,
1541 1263 1577 1331 ut
1597 1267 1698 1353 primo

538 1378 758 1444 ohmeutarum
779 1381 881 1458 oanan
903 1395 1003 1461 peuoa
1023 1376 1228 1460 praemittam.
1249 1375 1383 1442 ¹Chorus
1397 1378 1578 1462 tragoediae,
1600 1400 1697 1464 quum

538 1491 576 1557 in
596 1488 706 1556 multis
726 1487 884 1574 Sophoclis
905 1493 937 1552 et
957 1485 1124 1573 Euripidis,
1146 1487 1180 1553 in
1201 1489 1359 1554 nonnullis
1380 1490 1475 1556 etiam
1487 1490 1633 1576 Aemhyli
1653 1490 1697 1556 la·

539 1600 624 1669 bulis
645 1620 747 1667 eomes
766 1604 890 1665 tantum
911 1604 1004 1684 atque
1024 1599 1125 1665 sooim
1146 1600 1188 1665 sit
1201 1606 1339 1667 aetorum
1360 1601 1558 1689 notionisque,
1579 1609 1698 1690 speeta-

539 1721 645 1782 orum
673 1713 770 1797 igitur
796 1711 936 1799 partibus
963 1710 1128 1795 suseeptis,
1162 1710 1238 1796 quid
1265 1712 1400 1799 optimus
1427 1715 1558 1801 quisque
1584 1716 1698 1781 sentire

540 1826 641 1915 possit
659 1830 693 1891 et
713 1824 861 1909 ooffltare,
883 1821 984 1889 verbis
1004 1821 1170 1908 exprimatt
1191 1823 1301 1890 chorus
1322 1831 1429 1891 eontra
1449 1828 1621 1894 comoediae
1642 1848 1698 1894 an·

540 1940 648 2025 tipum
668 1936 767 2004 veluti
779 1934 968 2021 Aesohyleus
988 1933 1043 2000 illo
1063 1933 1298 2019 antiquissimus
1320 1957 1382 2003 non
1403 1946 1555 2025 spectator
1575 1945 1699 2006 mnium

541 2051 596 2118 ssd
611 2056 696 2117 notor
710 2054 767 2133 est,
788 2068 898 2134 neque,
919 2045 995 2133 qnid
1009 2033 1194 2133 spectatores
1215 2048 1253 2112 de
1274 2048 1390 2133 tabula,
1406 2050 1481 2117 dum
1494 2052 1606 2135 egitur,
1628 2073 1699 2117 sen-

544 2162 604 2230 tire
620 2161 750 2249 possint,
771 2159 926 2245 eloquitur
946 2179 1052 2225 eorum
1072 2160 1207 2240 nomino,
1235 2161 1289 2227 sed
1303 2168 1448 2227 aetorum
1468 2161 1602 2243 nomine,
1624 2164 1699 2249 quid

542 2274 602 2343 sibi
623 2280 715 2362 poeta
734 2273 882 2356 voluerit,
905 2272 969 2339 alta
989 2293 1061 2339 vooe
1082 2273 1303 2359 speetatoribus
1325 2275 1495 2340 obnuntiat
1539 2274 1700 2361 Optimum

542 2394 573 2454 et
584 2386 815 2455 nobilissimum
829 2384 1005 2472 exemplum
1020 2386 1130 2451 chorus
1143 2385 1293 2471 Equitum
1307 2392 1422 2469 exstat3
1443 2387 1699 2467 nebarnensium,

541 2500 726 2587 vesparum,
749 2498 847 2578 Paeis,
869 2497 987 2563 Avium
1006 2496 1097 2563 initio
1118 2498 1273 2564 nemribus
1294 2499 1415 2565 obviam
1437 2499 1630 2585 progreditur
1650 2500 1700 2564 in-

541 2612 630 2678 festis
650 2609 764 2695 signis3
787 2609 938 2694 singulari
959 2608 1088 2675 artifieio
1106 2608 1294 2694 Lysistratae
1314 2611 1424 2677 chorus
1446 2612 1479 2677 in
1502 2612 1579 2677 duas
1599 2618 1700 2697 partes
1839 2684 1842 2688 ¹

541 2724 672 2807 divisus,
694 2743 827 2809 quarum
848 2728 978 2807 utraque
998 2742 1069 2787 suos
1090 2721 1184 2787 habet
1205 2742 1241 2787 ae
1256 2722 1392 2788 defendit
1412 2730 1542 2804 autores3
1564 2723 1702 2789 Nubium

541 2856 644 2924 porro,
666 2833 1061 2922 Thesmophorierusarum,
1084 2834 1244 2900 limarum
1266 2835 1385 2922 chorus,
1408 2835 1483 2901 dnm
1503 2845 1619 2901 setores
1639 2836 1703 2922 pri·

539 2949 659 3018 marios
680 2947 832 3029 defendit,
860 2946 959 3031 magis
979 2951 1086 3033 poetae
1107 2945 1273 3012 consilium
1293 2946 1421 3012 adiuvat
1441 2954 1473 3012 et
1493 2949 1653 3033 profitetur
1673 2953 1705 3011 et

540 3060 720 3141 oonlirmat3
748 3058 1030 3126 lieelesiazusarum
1050 3057 1184 3144 denique
1205 3058 1315 3124 chorus
1335 3058 1376 3123 ad
1396 3058 1545 3143 Equitum
1566 3060 1705 3144 proxime

541 3170 671 3253 aeeedit,
692 3175 881 3257 quamquam
901 3170 1034 3236 imitatio
1056 3177 1103 3237 est
1124 3169 1243 3253 debilis,
1272 3170 1408 3255 satisque
1428 3170 1591 3235 interitum
1614 3170 1705 3235 choro

541 3283 761 3352 imminentem
786 3282 912 3348 indieat
955 3282 1056 3349 Possis
1078 3283 1211 3349 eundem
1232 3282 1326 3347 etiam
1347 3304 1418 3348 oum
1440 3283 1611 3368 vesparum
1632 3281 1704 3347 reli·

542 3396 686 3484 ortisque,
705 3414 784 3482 quos
798 3416 864 3462 una
876 3394 1043 3475 nominavi,
1065 3395 1166 3461 ehoris
1183 3414 1375 3481 eomparara
1403 3396 1610 3461 Confirmatur
1631 3395 1706 3459 haee

542 3528 617 3576 mea
636 3506 796 3593 dispositio
819 3505 914 3573 etiam
934 3506 1118 3592 parodorum
1139 3513 1265 3574 natura:
1293 3507 1432 3573 Nubium
1459 3508 1543 3573 enim
1571 3514 1602 3572 et
1624 3507 1706 3572 The·

542 3619 864 3706 omophoriaausarum
885 3626 918 3684 et
938 3619 1096 3686 limarum
1117 3620 1368 3705 paredus-metro
1389 3620 1509 3685 stasimi
1530 3640 1629 3705 neque
1651 3641 1706 3705 pa·

543 3732 650 3799 rodioo
670 3731 800 3819 seripta,
823 3752 883 3798 non
908 3732 1088 3817 pronuntiat
1109 3752 1204 3817 quare
1226 3730 1339 3806 adeam
1358 3731 1536 3814 cherentea,
1558 3732 1613 3796 sed
1634 3732 1707 3797 sub·

545 3844 658 3912 limius
680 3850 825 3912 naturam
846 3843 987 3924 nubium,
1010 3844 1138 3923 Cereris,
1160 3844 1272 3909 Baoehi
1293 3844 1386 3909 eanit.
1428 3843 1521 3909 Porro
1535 3844 1613 3910 aliae
1635 3851 1709 3909 sunt

544 3956 655 4045 parodi
673 3962 781 4037 metro,
802 3955 884 4042 quod
899 3955 1079 4042 parodieum
1100 3955 1192 4021 liceat
1213 3976 1401 4042 nuncupare,
1424 3956 1554 4041 scriptae
1575 3958 1596 4021 i.
1611 3978 1637 4021 e.
1653 3962 1708 4021 aut

544 4068 700 4138 troehaieo
713 4074 751 4135 ut
763 4067 1011 4144 Athamensinm
1032 4074 1064 4133 et
1076 4068 1235 4153 Equitum,
1250 4068 1368 4134 Avium
1389 4074 1420 4133 et
1441 4068 1538 4148 Paois,
1560 4075 1615 4134 aut
1629 4068 1708 4131 iam-

544 4183 616 4250 bico
629 4187 807 4250 ooameno
826 4180 1010 4260 oataleotieo,
1027 4187 1064 4246 ut
1080 4181 1261 4267 Vesperum,
1278 4181 1473 4265 Lysistratus,
1485 4180 1708 4245 Eeelesiaznsa·

545 4316 628 4361 rum.
650 4293 789 4372 Quarum
797 4314 854 4359 sex
862 4291 960 4379 possis
972 4292 1142 4381 ἐμβατήρια
1154 4291 1318 4378 appellare,
1331 4292 1547 4377 quumehorus
1559 4291 1707 4376 idipsum

545 4404 632 4493 quod
652 4404 855 4492 progreditur,
877 4408 977 4485 canat,
999 4403 1222 4490 choreutaeque
1243 4424 1318 4484 sese,
1346 4425 1408 4469 non
1429 4404 1564 4468 invicem
1584 4402 1709 4487 quidem

544 4518 601 4586 sed
641 4516 791 4585 universi
811 4515 949 4601 singulos
985 4536 1121 4601 quosque
1153 4516 1368 4597 adhortentur,
1401 4523 1437 4581 ut
1468 4515 1708 4601 progrediantur.

545 4633 632 4702 Hinc
653 4628 833 4696 'similitudo
860 4628 1066 4694 exordiorum,
1081 4628 1117 4693 fit
1143 4630 1320 4716 perspicua:
1353 4628 1542 4693 Acharneus.
1570 4650 1598 4693 v.
1627 4629 1708 4694 204:
