4484 5467
1114 630 1311 691 ΣΦΗΚΕΣ

789 808 805 871 ὁ
828 808 884 894 γὰρ
906 806 1003 894 γέριον
1027 810 1069 879 ὡς
1092 806 1159 873 ἔπιε
1181 808 1229 872 διὰ
1252 812 1368 873 πολλοῦ
1390 806 1504 895 χρόνου

785 918 902 1004 ἤκουσέ
924 918 953 983 τ’
978 919 1087 998 αὐλοῦ,
1109 921 1274 1006 περιχαρὴς
1295 926 1340 1006 τῷ
1361 922 1513 1007 πράγματι

784 1030 971 1117 δρχούμενος
993 1036 1048 1117 τῆς
1069 1032 1175 1103 νυκτδς
1198 1031 1285 1096 οὐδὲν
1309 1030 1452 1095 παύσεται

784 1141 902 1229 τάρχαῖ’
928 1141 1017 1207 ἐκεῖν’
1043 1143 1088 1214 οἷς
1110 1141 1221 1213 Θέσπις
1242 1143 1426 1226 ἠγωνίζετο·

697 1394 756 1452 408.
773 1414 839 1451 recc.
858 1401 933 1451 antea
947 1397 1117 1471 ιίσκίκληκον,
1134 1398 1170 1450 ita
1183 1397 1212 1450 B.
1232 1396 1427 1469 είοκεκήκληκεν
1442 1395 1469 1450 G.
1483 1394 1661 1470 (ἐοεκΰκληκεν
1675 1398 1795 1452 Moscho-

696 1485 773 1553 pulus
791 1485 866 1538 Tirzii
882 1501 907 1552 p.
928 1483 979 1549 55.)
1009 1483 1186 1549 είοκικίιλικεν,
1204 1484 1271 1537 intro
1289 1484 1420 1548 volutavit,
1437 1498 1510 1552 prop.
1527 1484 1614 1537 Reisk.

661 1570 773 1625 ν.1478.
808 1570 913 1625 παίνεται
938 1572 970 1625 R.
995 1571 1026 1625 V.
1049 1572 1120 1625 Suid.
1147 1587 1168 1624 s.
1190 1588 1214 1623 ν.
1241 1569 1312 1624 οδδὲν
1335 1571 1420 1643 ἧττον.
1447 1571 1560 1625 defendit
1582 1573 1704 1627 Reislrius
1733 1578 1795 1642 post

702 1655 856 1721 Bentleium‚
874 1672 958 1725 recep.
975 1654 1087 1710 Bruuclr.
1104 1660 1130 1710 et
1147 1657 1298 1709 recentiores
1310 1670 1407 1710 omnes.
1434 1654 1553 1710 παδοτται
1565 1658 1624 1712 Ald.
1636 1658 1705 1712 lunt.
1717 1660 1794 1714 Kust.

694 1746 721 1797 et
737 1742 882 1798 scholiasta.

625 1970 680 2021 tum
703 1981 727 2020 r.
749 1963 801 2018 408
827 1965 871 2019 ille
896 1964 952 2019 ἀλλ’
977 1955 1178 2038 ἐκκυκλήσομαι·
1231 1982 1295 2035 quae
1314 1970 1447 2037 poetarum
1465 1968 1505 2019 cst
1520 1965 1633 2021 licentia.
1667 1966 1791 2023 Nondum

625 2052 784 2123 καταβαίνειν
811 2050 834 2105 δ’
862 2051 891 2105 οδ
918 2051 1008 2125 σχολή.
1034 2053 1078 2106 ubi
1100 2052 1179 2105 schol.
1228 2055 1314 2104 tamen
1332 2053 1415 2105 noctis
1433 2051 1505 2105 adest
1522 2052 1617 2120 caligo:
1639 2053 1711 2107 iaces
1729 2055 1791 2107 alla·

626 2136 776 2211 ἐκκδκλημα
794 2137 891 2209 λέγεται
914 2139 1058 2212 μηχάνημα
1080 2136 1177 2199 ξδλινον
1227 2141 1269 2190 tae
1291 2141 1377 2190 essent
1399 2138 1501 2206 opinor,
1529 2153 1594 2205 quae
1620 2138 1715 2192 festive
1738 2144 1790 2194 tra-

627 2225 733 2299 τροχοὺς
751 2224 817 2298 ἕχον,
836 2222 896 2296 ὅπερ
908 2223 1132 2298 περιοτρειρόμενον
1144 2224 1177 2277 τὰ
1229 2222 1337 2293 gocdum
1376 2224 1553 2276 comissantem
1596 2225 1788 2281 comitarentur.

624 2309 747 2364 δοκοῦντα
766 2309 835 2363 ἔνδον
854 2309 890 2369 ὡς
908 2309 934 2362 ἐν
947 2308 1014 2380 οἰκίᾳ
1025 2306 1177 2382 πράττεσθαι
1226 2308 1374 2379 Legcudum
1392 2308 1470 2377 igitur
1487 2308 1553 2361 duco
1570 2308 1707 2376 παίυοετοιι,
1728 2313 1789 2365 licet

623 2397 666 2449 καὶ
688 2402 740 2455 τοῖς
763 2394 811 2457 ἔξω
835 2396 955 2461 ἐδείκνυε,
982 2393 1049 2467 λέγω
1072 2395 1103 2465 δὴ
1126 2402 1178 2456 τοῖς
1213 2399 1315 2449 -contra
1337 2394 1447 2448 Bentleii
1470 2396 1663 2460 auctoritatem,
1692 2401 1720 2450 ut
1740 2398 1786 2451 sit:

623 2479 733 2541 θεαταῖς.
761 2482 792 2536 cf.
815 2482 878 2534 Poll.
901 2482 952 2547 IV,
975 2481 1031 2534 128.
1058 2481 1176 2535 Eustath.
1226 2482 1253 2533 in
1283 2480 1389 2533 multam
1424 2483 1525 2533 noctem
1561 2481 1668 2534 saltabit
1698 2498 1784 2536 senex.

622 2586 649 2638 p.
671 2567 729 2630 976,
754 2566 794 2619 15.
829 2567 925 2619 Eadem
946 2567 1063 2620 machina
1084 2566 1178 2636 produ·
1225 2565 1339 2636 Denique
1356 2565 1435 2618 futuri
1452 2565 1559 2618 formam
1576 2569 1694 2633 tuentur,
1719 2585 1784 2637 quae

625 2654 691 2706 citur
702 2651 804 2719 Agatho
817 2652 918 2705 Thesm.
931 2652 976 2704 96:
994 2650 1067 2711 οὗτος
1085 2651 1177 2705 οδκκο·
1227 2655 1368 2720 sequuntur
1393 2651 1478 2705 futura
1505 2650 1652 2717 ἀποδείξειν,
1684 2652 1785 2728 διορχη-

515 2751 518 2756 ’
623 2736 775 2807 κλοΰμενος,
797 2736 841 2805 qui
864 2753 888 2789 r.
915 2735 966 2791 256
988 2736 1090 2792 domum
1111 2738 1178 2791 redi·
1227 2736 1341 2807 ρόμενος.

621 2827 708 2875 turus:
738 2819 797 2874 εἴοιο
823 2840 860 2881 τις
882 2819 918 2881 ὡς
939 2823 1046 2897 τοίχιοτοί
1073 2824 1103 2893 μ’
1130 2823 1177 2877 ele·
1277 2838 1301 2875 r.
1321 2822 1395 2876 1479.
1424 2822 1539 2896 τάρχαῖί
1558 2840 1639 2893 neque
1657 2825 1784 2880 animali·

621 2909 784 2981 scalpentem.
820 2908 885 2961 ilinc
902 2913 1016 2979 apparet,
1034 2909 1177 2977 eccyclema
1225 2911 1264 2961 ter
1281 2908 1330 2961 soit
1347 2908 1440 2961 saltare
1457 2912 1548 2977 utpote
1560 2925 1640 2963 senex
1651 2907 1783 2985 Μαραθω-

619 2996 773 3065 tragicorum
791 2994 935 3048 machinam
954 2994 1045 3060 irrisae,
1063 3010 1113 3048 non
1135 3010 1176 3048 co·
1225 2994 1349 3067 νομοίχης.
1378 2993 1516 3063 compares
1534 2998 1690 3051 nostratium
1707 3000 1783 3052 salta-

618 3082 760 3146 micorum,
789 3086 817 3133 ut
844 3080 924 3134 schol.
950 3080 1029 3148 Soph.
1052 3080 1174 3133 41344.
1224 3072 1327 3144 tionem,
1345 3080 1386 3133 cni
1404 3095 1496 3133 nomen
1511 3084 1564 3133 est:
1589 3082 1707 3150 llenuet,
1725 3089 1780 3139 tan-

618 3167 712 3221 Aesch.
736 3167 809 3221 Eum.
832 3167 874 3221 64.
906 3166 1018 3235 Choeph.
1042 3167 1092 3220 982
1118 3183 1175 3236 per-
1225 3180 1300 3232 quam
1322 3167 1460 3219 senectutis
1488 3170 1564 3235 atque
1588 3169 1682 3223 aetatis
1709 3188 1781 3239 prae-

619 3253 707 3321 spicua
733 3252 860 3319 indicant3
892 3268 998 3322 eamque
1029 3270 1044 3305 a
1071 3251 1173 3306 Comico
1223 3252 1313 3305 teritae
1330 3253 1438 3322 signum.
1456 3280 1491 3290 -
1508 3253 1548 3306 De
1560 3254 1691 3323 'thespide
1703 3258 1780 3310 schol.

618 3337 740 3402 derideri,
762 3336 831 3407 quod
849 3336 1008 3405 Agathonem
1031 3341 1056 3390 et
1073 3337 1174 3406 Euripi·
1223 3333 1411 3409 δκιθαριρδός·
1438 3337 1537 3410 corrig
1560 3338 1591 3408 δὴ
1616 3338 1631 3392 δ
1649 3343 1779 3413 τραγικός.

618 3422 684 3488 dem,
701 3427 791 3491 poetas
804 3422 899 3490 alioqui
910 3437 1010 3491 semper
1022 3424 1172 3492 exagitatos,
1223 3421 1274 3475 Sed
1307 3423 1359 3477 rid.
1392 3424 1490 3477 lldller.
1529 3425 1621 3480 Rhein.
1655 3428 1724 3483 Mus,
1757 3430 1780 3483 V

617 3508 657 3559 his
674 3508 798 3561 machinis
819 3501 937 3561 incedere
959 3509 1027 3562 iacit.
1062 3509 1092 3562 In
1114 3524 1173 3561 con·
1221 3523 1248 3575 p.
1265 3507 1364 3576 ouosq.
1397 3510 1526 3563 Welcleri
1553 3512 1649 3581 Trilog.
1674 3515 1779 3567 Nachlr.

617 3592 721 3647 trariam
748 3594 900 3647 sententiam
923 3594 1091 3648 Schneiderus
1117 3595 1172 3648 ntt.
1220 3610 1246 3662 p.
1259 3593 1318 3646 247.
1336 3593 1394 3649 257.
1412 3595 1464 3649 274
1484 3599 1510 3649 et
1527 3596 1629 3651 Griech.
1648 3599 1776 3669 Tragoed.
1818 3592 1823 3603 '

617 3678 665 3732 un.
683 3696 708 3747 p.
728 3679 761 3732 93
779 3695 834 3747 sqq.
854 3680 924 3734 abiit.
954 3678 992 3735 Gi.
1011 3679 1119 3734 Gasaub.
1138 3679 1171 3732 ad
1219 3694 1246 3747 p.
1273 3678 1304 3731 16
1313 3694 1352 3747 sq.
1386 3681 1493 3735 Fallitur
1521 3683 1673 3750 scholiasta,
1705 3703 1779 3756 quem

616 3764 676 3817 Ath.
699 3764 766 3829 Vlll,
791 3763 822 3818 15
845 3781 872 3834 p.
891 3765 949 3819 out.
985 3766 1065 3818 Primi
1085 3769 1170 3818 autem
1220 3764 1292 3818 Suid.
1319 3780 1340 3818 s.
1367 3782 1391 3818 r.
1417 3767 1567 3837 exscripsit3
1596 3786 1673 3824 nemo
1704 3774 1778 3837 sirim,

503 3874 509 3885 ·
614 3864 704 3903 versus
725 3849 867 3916 Xanthiae,
892 3850 968 3919 idque
990 3855 1068 3920 poete
1084 3851 1170 3904 trellis·
1219 3850 1288 3918 quod
1305 3852 1392 3917 sciam,
1410 3856 1524 3906 veterum
1543 3853 1574 3907 de
1592 3856 1725 3925 'thespide
1742 3860 1776 3911 ci·

616 3936 680 3988 elme
697 3936 821 4001 instituit,
844 3936 949 4003 tragicis
971 3936 1054 3989 verbis
1076 3939 1102 3989 et
1119 3937 1170 4005 ipsi
1218 3936 1340 3992 tharoedo
1357 3939 1494 3991 memoriae
1510 3940 1632 4008 prodidit.
1659 3944 1776 4009 Accedit,

616 4020 758 4085 abundant,
781 4024 808 4073 et
830 4020 891 4090 quid
913 4038 980 4075 nunc
1004 4037 1082 4075 senex
1101 4026 1169 4091 agat,
1218 4022 1286 4092 quod
1298 4039 1322 4077 ν.
1337 4023 1401 4077 1481
1420 4024 1479 4084 τοὺς
1496 4026 1643 4098 τραγῳδοὺς
1659 4030 1721 4089 τοὺς
1732 4034 1775 4082 νῦν

614 4106 735 4172 indicant,
753 4107 770 4161 i.
788 4122 810 4159 e.
828 4107 927 4176 prologi
944 4108 1025 4161 instar
1042 4111 1101 4161 srmt
1118 4112 1169 4161 tra·
1218 4109 1340 4177 Thespidi
1358 4112 1465 4179 opponit
1482 4127 1577 4180 cosque
1587 4114 1706 4186 κρόνους,
1724 4118 1741 4169 i.
1753 4132 1774 4169 e.

614 4192 727 4261 gordiae.
764 4192 847 4257 Quare
865 4191 1066 4266 είοκεκίυκληκεν.
1218 4192 1327 4264 perpete,
1344 4193 1445 4269 λήρους,
1466 4194 1636 4271 ἀναισθήτους
1653 4200 1776 4271 increpat.

630 4319 634 4325 .
664 4296 689 4335 v.
708 4278 783 4333 1418.
815 4279 985 4350 τῆςνοκτίςτ
1004 4284 1168 4347 pernoctem
1217 4280 1259 4333 Ad
1286 4279 1393 4351 κρόνους
1428 4283 1461 4337 el.
1490 4282 1584 4353 Bergk.
1615 4286 1672 4341 Rei.
1703 4287 1772 4341 (lom.

613 4379 678 4433 quae
695 4364 818 4419 imminet.
852 4366 890 4418 De
917 4369 999 4434 genet.
1017 4366 1068 4420 rid.
1086 4366 1168 4433 Krig.
1217 4383 1243 4434 p.
1262 4365 1319 4430 191,
1346 4368 1390 4435 qui
1416 4367 1521 4421 Saturni
1546 4385 1641 4423 nomen
1664 4374 1774 4425 maxime

613 4450 657 4504 Gr.
685 4449 730 4503 Gr.
755 4450 767 4503 I
793 4451 871 4516 547,
899 4451 924 4504 t.
942 4451 966 4504 3.
1004 4452 1087 4517 Quota
1112 4455 1169 4505 tan·
1218 4452 1340 4505 stultitiae
1362 4457 1437 4521 atque
1458 4455 1622 4524 insipientiae
1644 4460 1773 4512 notionem

612 4533 670 4588 dem
682 4540 721 4589 est
733 4536 783 4589 diei
795 4536 873 4590 hora?
892 4536 961 4609 δείλη
974 4535 1043 4609 ὀψία,
1060 4552 1169 4607 vespera
1217 4553 1279 4606 prae
1296 4552 1323 4591 se
1341 4537 1415 4605 ione,
1432 4556 1464 4593 ex
1482 4541 1538 4609 ipso
1551 4538 1656 4595 Comioo
1676 4543 1773 4608 docuitr

613 4620 721 4688 ingruit,
744 4622 874 4677 celerrime
895 4627 1028 4678 consumto
1045 4628 1168 4693 tempore,
1219 4624 1251 4679 cl.
1274 4639 1352 4694 supra
1373 4641 1398 4681 ν.
1416 4625 1481 4693 652,
1504 4627 1549 4681 ubi
1567 4622 1698 4702 Κρονίδη,
1715 4629 1773 4683 licet
