4484 5467
541 586 600 666 1²24
926 601 1115 656 mosmos.
1152 602 1263 655 cthT
1281 600 1317 655 ιν

538 781 633 859 paret,
655 795 709 839 cao
731 774 853 839 tabulae
875 774 1019 838 videntur
1041 774 1150 853 luisse,
1174 794 1304 861 quarum
1326 772 1503 859 Bdolyoloo
1527 767 1699 840 m'ontionan

538 887 611 953 lacit
633 909 661 951 ν.
686 888 763 952 848:
1515 879 1523 889 ’
1647 879 1667 886 ”

713 998 786 1085 φέρε
807 1024 869 1074 νον,
891 998 1004 1082 ἐνέγκω
1027 1000 1078 1069 τὰς
1102 1001 1224 1069 σανίδας
1245 999 1294 1062 καὶ
1316 1000 1368 1071 τὰς
1391 1004 1538 1088 γραφάς,
1578 1027 1581 1032 ·
1623 1026 1628 1033 ·
1659 991 1681 1034 .·.

539 1111 627 1176 modo
655 1110 849 1175 scholiastam
877 1130 1055 1193 sequamur,
1087 1109 1140 1193 qui
1164 1109 1237 1173 haec
1259 1109 1367 1173 habet:
1400 1114 1535 1184 σανίδας
1559 1112 1697 1200 ‹ppei-eit

538 1225 569 1290 ἐν
593 1223 640 1293 αἶς
663 1222 795 1308 ἔγραφον
818 1223 872 1306 τὴν
899 1222 1012 1307 μακρὰν
1036 1222 1054 1305 ἢ
1078 1223 1132 1306 τὴν
1157 1225 1298 1308 βραχεῖαν
1322 1228 1378 1307 τῆς
1401 1225 1507 1310 δίκης·
1539 1226 1697 1313 γραρδςδὲ

538 1340 591 1401 νῦν
621 1336 684 1398 ἀντὶ
710 1338 764 1397 τοῦ
788 1334 821 1397 τὸ
844 1339 988 1420 γραφεῖον
1017 1333 1051 1417 (l.
1075 1338 1130 1397 τοῦΙ
1153 1333 1313 1420 γραφείου)
1341 1336 1372 1399 ἐν
1403 1331 1430 1422 “l
1458 1336 1612 1425 ἔγραφον.
1652 1335 1697 1400 Sed

539 1445 671 1522 fallitur,
702 1444 823 1529 opinor,
852 1444 1029 1509 scholiasta:
1059 1444 1197 1529 proxime
1224 1456 1295 1509 ante
1324 1446 1455 1510 cancelli
1479 1423 1697 1532 qualescunque

539 1577 651 1622 asena
680 1562 894 1641 apportantur:
924 1556 1006 1620 lilius
1035 1563 1070 1620 ut
1102 1557 1244 1621 omnibus
1277 1558 1367 1621 rebus
1394 1560 1577 1644 perfectum
1609 1553 1699 1626 ¹reuleht

538 1668 690 1749 tribunal,
719 1667 839 1731 tabulas
868 1668 1068 1732 accusatorias
1097 1667 1247 1733 allaturus
1269 1675 1323 1732 cst.
1366 1669 1433 1733 Hae
1458 1677 1539 1736 sunt
1561 1673 1640 1738 istas
1659 1698 1697 1738 σα-
1743 1655 1744 1662 ¹

539 1782 630 1857 νίδες,
659 1779 770 1864 quibus
793 1780 999 1844 accusationes
1021 1780 1186 1865 inscriptae
1209 1787 1291 1845 sunt
1336 1781 1471 1845 Videtur
1494 1782 1606 1848 autam
1627 1783 1697 1849 sclro

539 1891 629 1955 liasta
658 1891 747 1955 uerho
776 1893 940 1967 ἀλοκίζειν,
968 1891 1048 1975 quod
1076 1891 1213 1976 proximo
1242 1892 1395 1975 sequitur,
1429 1901 1598 1978 permotus
1625 1917 1697 1961 sunu

539 2003 788 2088 explicationem,
822 2025 883 2067 non
913 2009 1035 2088 poetae,
1064 2004 1193 2067 dedisse.
1247 2003 1360 2080 Quidni
1389 2005 1558 2089 Comicus,
1576 2009 1612 2073 ¹si
1633 2009 1700 2074 istud

539 2116 700 2192 voluisset,
730 2115 803 2201 φέρε
825 2139 887 2188 νυν,
910 2115 994 2200 φέρω
1017 2115 1167 2200 (κομίσω)
1196 2116 1228 2178 τὸ
1252 2118 1385 2180 πινάκιον
1414 2120 1576 2203 τιμητικόν
1596 2122 1647 2186 uel
1666 2121 1699 2207 si·

540 2228 611 2291 milo
634 2226 709 2312 quid
730 2223 878 2290 dixisset?
911 2225 1016 2308 ltaque
1039 2247 1136 2307 qirrrm
1159 2226 1253 2289 altero
1281 2227 1344 2291 loao
1370 2225 1407 2289 elo
1433 2230 1588 2296 cancellis
1610 2223 1699 2307 uidea-

539 2346 590 2402 tur
627 2339 690 2420 agi,
730 2338 827 2420 doque
866 2337 976 2419 ligneis
1014 2336 1128 2400 tabulis
1166 2337 1275 2414 altero,
1317 2333 1700 2423 Thesmophoriazusarun

541 2471 646 2513 uersus
669 2456 731 2512 tres
755 2451 879 2513 sortasse
903 2449 1035 2512 eundem
1058 2470 1190 2512 asserem
1213 2449 1396 2533 significant,
1420 2450 1482 2529 oui,
1507 2474 1611 2537 quum
1632 2454 1701 2519 iudi·

540 2561 623 2624 cium
652 2559 794 2639 habetur,
821 2559 943 2622 tabulae
973 2559 1048 2624 istac
1078 2559 1261 2642 alligantur,
1298 2559 1410 2624 iudicio
1443 2562 1536 2627 linito
1581 2561 1701 2631 malefici

540 2672 715 2754 alligantur.
760 2669 874 2732 Verum
897 2670 952 2733 hoo
975 2670 1008 2732 in
1031 2669 1130 2734 modio
1153 2671 1257 2735 relicto
1280 2671 1319 2737 ad
1334 2672 1453 2756 reliqua
1466 2697 1612 2761 pergam.
1644 2650 1700 2744 lam

540 2785 624 2848 onim
654 2804 762 2847 sumus
785 2783 867 2846 intra
894 2781 1060 2847 tribunalis
1083 2784 1247 2862 cancellos,
1285 2784 1410 2847 ianuam
1441 2796 1613 2871 aperuerat
1644 2792 1701 2856 the

540 2896 691 2961 smotheta
713 2894 839 2979 eiusque
861 2895 996 2969 lictores:
1018 2896 1140 2960 tabulas
1162 2895 1356 2980 perlegimus.
1400 2896 1465 2960 lam
1488 2899 1645 2968 festinant
1660 2903 1701 2967 iu·

541 3009 621 3073 dices
645 3010 693 3073 ἐπὶ
714 3009 753 3072 τὸ
776 3012 929 3093 πρῶτον
957 3007 1064 3080 ξύλον
1088 3029 1254 3071 accurrere.
1674 3007 1681 3016 ”

626 3122 679 3185 XI.
723 3119 773 3185 Ad
797 3141 920 3183 vorsum
943 3119 1113 3202 Vesparum
1137 3121 1194 3183 90:

1208 3234 1257 3294 καὶ
1280 3232 1381 3311 στένει,

768 3346 804 3428 ἣν
830 3346 871 3429 μὴ
894 3345 938 3408 ’πὶ
959 3347 1013 3407 τοῦΙ
1037 3345 1158 3429 πρώτου
1181 3344 1338 3428 καθίζηται
1364 3345 1465 3421 ξύλου,
1706 3426 1712 3432 ι

540 3455 703 3519 scholiasta
723 3461 846 3519 tantum
868 3455 957 3518 hacc:
983 3455 1070 3527 ξύλον
1094 3455 1110 3518 ὃ
1134 3458 1225 3539 ἡμεῖς
1249 3458 1372 3542 βάθρον,
1395 3459 1444 3521 καὶ
1458 3459 1490 3521 ἐν
1504 3458 1699 3547 Ἀχαρνεῦσιν

542 3566 586 3647 (ν.
611 3566 676 3649 25).
720 3566 770 3630 Ad
792 3566 1040 3630 Acharnonsium
1064 3573 1167 3630 autam
1189 3568 1313 3631 versum
1335 3569 1390 3631 25:

918 3678 983 3742 εἶτα
1007 3679 1035 3743 δ’
1062 3682 1239 3748 ὠστιοῦνται
1261 3683 1327 3749 πῶς
1350 3683 1449 3749 δοκεῖς

769 3789 908 3861 ἐλθόντες
931 3770 1091 3875 ἀλλήλοισι
1114 3793 1180 3877 περὶ
1202 3793 1323 3877 πρώτου
1348 3792 1454 3865 iiico:

542 3905 573 3964 et
593 3899 696 3985 paullo
719 3901 800 3964 infra
822 3924 850 3965 ν.
875 3904 932 3966 42ε

770 4016 811 4084 είς
832 4016 886 4098 τὴν
910 4015 1069 4101 προεδρίαν
1093 4020 1150 4085 πᾶς
1173 4017 1250 4101 ἀνὴρ
1274 4016 1440 4091 ὠστίζεται,

514 4195 515 4198 ,
541 4124 705 4191 scholiasta
726 4125 815 4189 haec:
838 4128 980 4212 περὶτῆς
1001 4128 1171 4212 προεδρίας,
1194 4130 1235 4196 ὡς
1260 4129 1385 4201 ξυλίνων
1410 4128 1512 4193 οὐσῶν
1536 4134 1599 4195 τῶν
1623 4130 1704 4195 καθε·

543 4242 622 4325 δρῶν
651 4275 692 4284 -
720 4236 770 4302 oui
798 4237 874 4301 alter
902 4237 1003 4300 addit:
1038 4238 1081 4301 δτι
1110 4240 1143 4302 δὲ
1171 4242 1205 4303 ἐκ
1233 4241 1345 4317 λίθων,
1381 4238 1574 4325 πανταχόθεν
1604 4243 1703 4325 δῆλον,

543 4351 611 4416 ὅταν
636 4350 709 4434 λέγῃ
734 4349 803 4434 (hq.
828 4349 900 4413 754.
924 4349 1010 4432 783),
1033 4351 1081 4414 ἐπὶ
1103 4357 1158 4434 τῆς
1180 4352 1288 4437 πέτρας
1310 4355 1464 4438 κάθηνται.
1509 4351 1617 4415 Altero
1640 4350 1702 4435 qui·

543 4461 613 4525 dem
633 4462 698 4525 looo
721 4462 759 4525 de
780 4460 996 4537 tribunalibus,
1019 4461 1114 4524 altero
1137 4462 1174 4524 do
1197 4463 1328 4527 comitiis
1351 4464 1453 4545 agitur
1475 4467 1506 4526 et
1528 4464 1703 4529 scholiasta-

543 4591 613 4633 rum
641 4572 718 4637 altor
746 4579 875 4658 utroquo
904 4574 968 4638 loco
996 4572 1098 4655 lignea
1128 4575 1274 4639 subsellia
1308 4575 1403 4640 fuisso
1436 4574 1597 4660 opinatur,
1631 4576 1703 4639 altor
