4484 5467
539 599 598 662 142
913 591 1104 648 Phontauu.
1139 587 1253 646 clava·
1270 589 1308 646 lv

536 768 585 834 Ad
607 768 680 832 haec
702 765 797 850 igitur
826 763 990 830 scholiasta
1011 763 1047 827 ll.
1077 770 1108 828 ct
1129 763 1166 828 V.
1188 766 1312 835 κάνναςι
1334 765 1389 835 σὰς
1413 763 1582 851 ψιά(θους.
1620 763 1676 849 tha

536 906 584 946 ται
606 880 640 944 δὲ
662 881 712 945 καὶ
740 880 832 963 κοίνης
860 879 909 943 καὶ
930 877 1058 942 κλίνεται
1086 880 1141 941 τοῦ
1164 878 1306 962 adeptae·
1335 875 1394 959 ὡς)
1418 877 1551 963 ψιάθους
1572 877 1604 942 hl
1621 899 1677 964 κιρι

537 989 750 1078 πεφραγμένου
777 994 832 1054 τοῦ
862 988 969 1075 ἡρῴου
997 990 1047 1053 καὶ
1073 987 1295 1075 ἐστιγασμίνοο
1317 989 1446 1075 (φησίν,
1479 987 1519 1054 οὐ
1548 988 1624 1076 παρὰ
1643 988 1678 1058 St

537 1106 647 1174 κάννας
670 1100 823 1188 οὐρήσω).
852 1138 893 1147 -
922 1099 1034 1170 ἄλλοις.
1058 1099 1127 1165 ὅταν
1150 1102 1336 1179 θυσιάσουσι,
1365 1102 1616 1187 περιφράσσουσι
1634 1101 1679 1186 μί

537 1217 614 1286 hooc
635 1214 823 1302 κανναβίνας.
860 1215 969 1283 κάννας
991 1212 1025 1277 δὲ
1049 1210 1108 1298 ἔφη
1131 1213 1183 1283 τὰς
1206 1213 1346 1300 ψιάθους.
1361 1247 1406 1260 -
1423 1210 1571 1298 Respicit
1583 1233 1681 1278 vasum

539 1326 655 1392 Comici
676 1324 786 1390 Pollux
809 1323 876 1405 Vll,
901 1325 977 1388 176:
1000 1325 1104 1389 κοίνναι
1128 1325 1161 1389 δὲ
1175 1325 1209 1389 τὸ
1227 1327 1260 1390 ἐκ
1274 1325 1436 1412 καννάβοιν
1460 1324 1600 1412 πλέγμα,
1621 1323 1682 1412 picit

538 1438 614 1509 τινές
636 1438 708 1502 εἰσιν
731 1436 762 1501 ἐν
783 1435 1022 1522 Ἀριστοφάνους
1044 1435 1168 1522 Σφηξίν.
1211 1434 1297 1500 Idem
1316 1435 1410 1520 plura
1431 1435 1481 1518 X,
1509 1437 1573 1503 183
1594 1442 1623 1502 et
1640 1436 1683 1500 184

538 1550 573 1614 in
593 1548 659 1613 his:
691 1550 819 1634 μάλιστα
842 1545 871 1611 δ’
896 1547 1031 1633 ἐχρῶντο
1053 1555 1100 1634 τῷ
1126 1548 1273 1634 πλέγμασι
1294 1547 1393 1633 τούτῳ
1417 1548 1462 1620 εἰς
1486 1550 1527 1614 τὰ
1549 1550 1684 1637 περιρρίρ

542 1685 629 1746 ματα
673 1657 797 1723 Similia
823 1657 995 1742 Hesychius
1023 1680 1047 1724 s.
1068 1679 1099 1723 v,
1128 1660 1232 1727 κάνναι
1255 1659 1322 1743 (cir.
1344 1657 1461 1726 Suidas
1486 1682 1515 1726 s.
1535 1681 1567 1727 v.
1588 1663 1686 1730 κάννας

539 1778 570 1835 et
596 1770 720 1857 κάνης),
743 1768 884 1847 Plotius,
919 1769 1050 1854 Etymol.
1084 1770 1128 1836 M.
1155 1793 1181 1835 s.
1209 1793 1238 1836 v.
1271 1771 1454 1858 κάνναθρον.
1504 1771 1583 1838 Fuit
1611 1771 1687 1856 igtur

540 1882 740 1958 simulacrum
762 1881 869 1946 storeis
892 1881 1144 1968 circumseptum,
1171 1889 1320 1967 tanquam
1347 1882 1510 1967 ansellis,
1540 1884 1687 1969 atomisque

540 2000 647 2060 contra
679 1993 745 2060 vim
780 1993 970 2079 tempestatis
1006 2001 1196 2075 contectum3
1229 1994 1269 2060 ad
1300 1993 1428 2060 modum
1460 1996 1597 2064 fortasse
1627 1996 1687 2061 Iler

540 2128 663 2173 marum
691 2107 824 2189 factum,
858 2105 1096 2192 circumseptum
1118 2113 1237 2185 autem,
1270 2127 1310 2170 ne
1341 2112 1377 2172 ut
1408 2106 1460 2172 illi
1490 2114 1526 2175 et
1554 2110 1689 2176 Hecatae·

541 2222 585 2305 (v.
614 2220 693 2283 Rau.
721 2240 751 2282 v.
774 2218 852 2302 366)
884 2225 953 2284 tum
980 2218 1146 2302 mingendo
1173 2225 1241 2283 tum
1268 2217 1400 2284 cacando
1427 2221 1688 2296 contaminarem,

541 2331 594 2396 secl
622 2331 671 2396 his
698 2331 774 2417 ipsis
804 2329 947 2396 cancellis
974 2330 1069 2396 etiarn
1097 2331 1255 2397 meliorem
1281 2329 1405 2415 utrique
1433 2332 1481 2397 rei
1518 2335 1689 2400 οοοαυὶυοοιο

541 2443 698 2529 praebens.
730 2441 905 2508 Eiusmodi
926 2442 1063 2526 heroum,
1085 2442 1148 2509 illis
1169 2442 1356 2529 temporibus
1378 2448 1485 2509 statua
1507 2447 1636 2513 foram
1654 2466 1690 2510 or·

542 2560 666 2633 natum,
693 2573 782 2639 opere
811 2559 903 2637 atque
931 2555 1059 2620 artificio
1081 2556 1175 2635 iacta,
1205 2556 1238 2620 in
1260 2575 1352 2620 scena
1378 2556 1587 2642 conspicuum
1613 2558 1691 2623 fuisse

541 2687 635 2751 supra
649 2665 774 2731 conieci.
812 2665 899 2742 Quod
913 2686 948 2731 ec
962 2667 1084 2733 videtur
1099 2667 1284 2750 confirmari,
1306 2666 1388 2753 quod
1409 2688 1440 2732 v.
1456 2668 1526 2736 820
1542 2670 1690 2746 Philocles

541 2799 640 2863 neque
670 2777 746 2843 iusti
774 2776 928 2843 dicasterii
954 2800 1053 2864 neque
1075 2779 1161 2845 heroi
1182 2779 1315 2866 amplius
1341 2778 1473 2866 cupidus
1499 2787 1561 2848 aut
1580 2800 1691 2861 mernor,

541 2891 660 2974 atilio,
684 2895 720 2955 ut
740 2890 800 2955 sibi
821 2890 895 2975 Lyci
916 2890 1044 2957 heroum
1065 2897 1219 2978 apportet,
1235 2891 1328 2978 petit
1372 2891 1430 2956 cui
1452 2891 1542 2958 filius
1569 2893 1691 2978 aliquam

542 3004 681 3070 tabulam
703 3002 836 3070 ostendit
858 3010 913 3070 aut
934 3003 1035 3070 simile
1056 3003 1146 3088 quid,
1169 3004 1251 3089 quod
1272 3004 1394 3070 heroem
1415 3009 1448 3070 et
1468 3004 1568 3090 fingit
1587 3012 1619 3072 et
1637 3024 1693 3090 per·

540 3115 677 3201 stringit:

626 3228 711 3293 Bdel.
734 3230 858 3315 ποίρσστι
879 3230 961 3294 τουτὶ
982 3228 1091 3300 καύτὸς
1114 3230 1189 3303 ἅναξ
1213 3228 1325 3294 οὑτοσί.

628 3346 660 3405 et
680 3344 781 3425 pater:
807 3341 832 3404 ὦ
856 3340 984 3406 δέσποθ’
1008 3344 1103 3429 ἥρως,
1126 3344 1167 3413 ὡς
1188 3343 1321 3428 χαλεπὸς
1343 3340 1394 3428 ἄρ’
1418 3339 1495 3427 ἧσθ’
1523 3341 1616 3409 lisia!

541 3451 727 3517 Scholiasta:
750 3455 885 3518 πινάκιον
901 3454 1029 3541 κομίζει,
1052 3456 1082 3520 ἐν
1107 3449 1133 3540 qi
1155 3452 1364 3539 γεγραμμένος
1384 3451 1423 3538 ἧν
1448 3454 1465 3516 ὁ
1489 3454 1600 3527 λύκοςι
1623 3451 1695 3520 aad

540 3566 674 3651 χαλεπὸς
693 3601 737 3625 ,-
761 3565 850 3630 lisia:
879 3568 921 3636 ὡς
943 3564 1121 3653 δυσμόρφου
1144 3564 1357 3651 γεγραμμένου
1379 3568 1433 3629 τοῦ
1457 3566 1578 3653 ἥρωος.
1623 3566 1697 3643 Quae

544 3680 725 3761 sequuntur,
748 3676 827 3742 hanc
848 3676 1084 3762 explicationem
1105 3681 1248 3741 tuentur:
1271 3675 1356 3740 Bdel.
1381 3675 1444 3748 οἷός
1465 3701 1522 3764 περ
1539 3681 1618 3766 ἡμῖν
1641 3677 1698 3766 φαί-

542 3812 620 3857 νεται
642 3786 838 3876 Κλεώνυμος,
860 3788 881 3852 i.
904 3809 930 3852 e.
952 3794 1018 3853 tam
1039 3788 1143 3870 miser,
1166 3809 1259 3873 quam
1284 3788 1425 3875 ῥίψασπις
1445 3787 1505 3853 iste
1528 3790 1582 3855 vel
1604 3793 1699 3857 aaut

541 3901 680 3990 αποβλὴς
708 3900 814 3985 (Vesp.
839 3900 916 3985 592)
937 3901 1045 3986 utique
1067 3923 1087 3967 a
1108 3900 1231 3966 Comico
1253 3905 1390 3987 carptus:
1420 3900 1457 3965 de
1478 3922 1541 3986 quc
1566 3903 1660 3969 schol.
1674 3923 1699 3967 v.

541 4013 620 4078 822:
648 4012 786 4099 ἄρυθμος
813 4014 863 4078 καὶ
891 4012 1012 4100 μακρός.
1050 4014 1224 4101 προείρηται
1245 4014 1302 4100 γὰρ
1325 4012 1369 4078 ὅτι
1392 4018 1509 4100 φαῦλος
1525 4014 1573 4101 ἧν
1599 4016 1700 4101 (vesp

541 4125 582 4191 22
604 4130 636 4190 et
657 4122 732 4189 alibi
754 4122 861 4189 multis
883 4124 972 4209 locis)
999 4126 1053 4210 τὴν
1084 4122 1154 4212 ὄψιν
1183 4126 1233 4189 καὶ
1261 4126 1482 4198 necessetate<
1510 4127 1545 4192 τὸ
1573 4127 1701 4216 stirpat

540 4235 735 4325 Κλεώνυμος.
772 4241 861 4302 τοῦτο
885 4238 919 4302 δὲ
934 4237 1009 4317 εἶπε,
1031 4237 1110 4303 καθὸ
1126 4238 1175 4302 καὶ
1189 4237 1322 4324 χαλεπὸς
1336 4237 1374 4325 ἧν
1392 4239 1590 4325 δημαγωγός.
1628 4240 1702 4307 (lon-

541 4350 636 4416 sentit
658 4348 776 4431 Sosiae,
809 4347 942 4414 alterum
963 4370 1027 4414 esse
1054 4348 1273 4433 Cleonymum,
1306 4370 1406 4434 neque
1428 4372 1498 4434 crgo
1520 4372 1611 4419 arma
1636 4375 1703 4418 eum

542 4462 662 4528 habere.
718 4460 778 4526 Sed
810 4467 969 4547 propterea
1001 4460 1082 4546 quod
1114 4461 1324 4528 taeterrimam
1351 4462 1510 4547 Cleonymi
1543 4465 1703 4531 cuiusdam

542 4571 709 4656 imaginem
730 4574 864 4659 aspicere
887 4596 918 4637 se
941 4573 1025 4655 dicit,
1047 4592 1103 4658 pro
1124 4572 1201 4658 ἧσθ’
1229 4577 1300 4642 ἰδεῖν
1323 4575 1521 4642 scribendum
1544 4574 1625 4643 duco
1642 4582 1705 4644 εἰσι·
