4484 5467
1014 608 1209 665 ΣΦΗΚΕΣ

690 784 735 847 ὁδὶ
758 783 790 847 δέ
812 808 885 868 φησι
907 784 1029 854 Σωσίας
1051 786 1126 870 πρός
1147 784 1296 870 Δερκύλον

690 894 766 958 εἶναι
788 893 950 980 φιλοπότην
974 896 1071 960 αὐτόν.

1051 1021 1179 1079 ΣΩΣΙᾹΣ.

1128 1120 1272 1204 οὐδαμῶς
1293 1120 1335 1203 γ’,
1358 1121 1424 1184 ἐπεὶ

690 1232 765 1316 αύτη
787 1256 821 1315 ηε
842 1236 982 1318 χρηστῶν
1005 1233 1083 1295 ἐστιν
1106 1234 1223 1318 ἀνδρῶν
1245 1236 1265 1317 ἡ
1288 1231 1385 1302 νόσος.

1039 1356 1195 1414 ΞΑΝΘΙΑΣ.

691 1454 892 1541 Νικόστρατος
913 1456 943 1519 δ’
969 1454 1007 1519 αό
1030 1479 1118 1541 φησιν
1142 1457 1158 1520 ό
1181 1456 1400 1542 Σκαμβωνίδης

691 1564 767 1629 εἶναι
790 1567 953 1652 φιλοθύτην
976 1567 1065 1631 αύτδν
1087 1568 1106 1651 ἢ
1132 1566 1294 1652 φιλόξενον.

1051 1694 1179 1750 ΣΩΣΙᾹΣ.

693 1792 735 1876 μὰ
757 1792 808 1854 τδν
830 1788 895 1854 κύν’
921 1791 946 1853 ὦ
970 1791 1149 1879 Νικόστρατ’
1176 1791 1212 1855 ού
1236 1790 1400 1877 φιλόξενος,

690 1903 755 1967 ἐπεὶ
775 1902 955 1986 καταπύγων
977 1903 1054 1967 ἐστὶν
1077 1903 1094 1966 ό
1115 1929 1150 1988 γε
1172 1902 1342 1974 Φιλόξενος.

570 2092 595 2128 v.
608 2075 649 2129 78.
687 2073 771 2128 Σωσία
789 2076 939 2130 Brunckius.

570 2175 595 2212 r.
608 2158 649 2213 80.
685 2159 783 2231 ἀνδρῶν
802 2160 867 2213 ἐστιν
887 2161 945 2215 Ald.
967 2161 1035 2215 Crat.

569 2262 593 2298 ν.
607 2246 648 2299 81.
684 2247 705 2299 ὧ
732 2243 903 2318 Νικόστρατος
934 2248 991 2301 Ald.
1018 2249 1084 2301 lunt.
1111 2248 1186 2300 Kust.
1215 2247 1324 2299 correxit
1350 2245 1417 2298 Orat.
1445 2244 1513 2299 lunt.
1547 2244 1624 2308 1540,
1656 2244 1686 2296 Fl.

607 2329 699 2388 Christ.
719 2330 781 2383 Reli.

588 2467 612 2503 ν.
630 2449 671 2503 78.
703 2447 809 2507 Σωσίας.
839 2450 981 2504 Scholiasta
993 2455 1091 2521 specta·
1140 2454 1208 2517 nias,
1230 2453 1403 2515 Nicostratus,
1421 2450 1480 2514 alii,
1498 2452 1545 2518 qui
1563 2455 1689 2521 tanguntur

537 2541 618 2588 torem
641 2535 767 2602 quendam
789 2536 837 2588 hoo
858 2537 959 2589 nomine
980 2540 1091 2606 appella·
1141 2539 1222 2601 (salva
1247 2538 1320 2589 venia
1347 2539 1499 2603 tanguntur,
1528 2538 1602 2605 quasi
1626 2539 1690 2605 poeta

538 2625 593 2673 tum
615 2636 672 2673 esse
695 2620 766 2685 dicit,
790 2637 840 2673 non
860 2622 960 2675 Sosiam
977 2639 1090 2689 serrum3
1140 2624 1257 2676 omnib'us
1267 2639 1317 2673 una
1326 2622 1532 2675 (llxerltzNichts
1540 2623 1582 2675 hir
1591 2623 1690 2691 unguib,

539 2708 607 2759 idem
628 2706 692 2759 duos
713 2707 826 2759 eiusdem
850 2709 957 2761 nominis
984 2725 1091 2763 comme·
1142 2713 1186 2761 aut
1200 2709 1299 2761 nomine
1312 2722 1358 2759 suo
1371 2723 1402 2760 ex
1414 2708 1558 2761 vinolentia
1569 2708 1690 2762 notissimo

540 2796 622 2845 morat
642 2792 733 2856 fuisse,
755 2793 862 2846 alterum
879 2794 1008 2861 Pythius,
1030 2797 1090 2848 alte·
1142 2797 1220 2848 risum
1239 2794 1364 2846 movebat.
1400 2793 1474 2857 Quod
1491 2809 1554 2846 vero
1574 2794 1657 2847 Sosias
1672 2809 1691 2843 r.

539 2897 595 2934 rum
624 2879 788 2931 Parmenonis
816 2878 904 2933 filium.
949 2881 1093 2934 assentitur
1144 2882 1177 2934 80
1195 2879 1355 2933 contradicit:
1378 2876 1442 2951 αὕτη
1465 2898 1493 2949 γε
1515 2885 1636 2953 χρηστῶν
1658 2879 1693 2930 δν

540 2966 688 3032 Berglerus‚
715 2966 782 3032 quod
807 2966 894 3018 Sosias
917 2982 1016 3032 servus,
1044 2983 1093 3035 quo
1143 2966 1209 3039 δρῶν
1235 2966 1250 3035 ἡ
1275 2964 1360 3022 νόσοςε
1383 2963 1410 3016 id
1432 2967 1461 3016 ut
1484 2968 1568 3018 semet
1585 2963 1694 3018 defendat

540 3053 628 3105 morbo
642 3053 716 3104 herus
728 3050 834 3115 laboret,
852 3053 924 3105 sciat.
952 3053 1093 3106 Brunckius
1144 3054 1257 3120 aliosque
1274 3052 1341 3102 viros
1354 3051 1483 3117 ceteroqui
1501 3051 1594 3114 bonos,
1612 3049 1695 3101 nonin

541 3142 637 3202 autem,
664 3136 731 3206 quod
754 3135 852 3195 Σωσίας
878 3141 976 3191 tantum
1003 3139 1093 3191 servile
1144 3137 1245 3204 Dercyli
1257 3136 1368 3188 favorem
1378 3136 1447 3189 dicit.
1466 3136 1570 3189 Sosiam
1579 3140 1696 3204 spectato

541 3241 632 3277 nomen
641 3224 725 3286 hierit,
739 3224 868 3291 servisque
877 3225 903 3276 in
913 3224 1011 3276 theatro
1023 3224 1094 3277 locus
1144 3240 1199 3275 rurn
1218 3238 1296 3274 uuum
1313 3236 1378 3285 esse,
1395 3221 1528 3274 Dobraeus
1549 3221 1682 3274 contendit.

540 3326 591 3362 non
610 3311 643 3362 sit
661 3319 808 3372 concessus,
827 3306 910 3360 Σωσία
929 3311 1050 3375 coniecit,
1067 3316 1095 3362 ut
1201 3325 1225 3361 ν.
1243 3307 1284 3359 81.
1320 3302 1550 3377 Νικόστρατος-
1575 3306 1589 3359 δ
1619 3305 1697 3374 Σκαμ-

542 3395 666 3448 δδὶοοιιο
689 3396 927 3462 exspectatoribus
954 3397 994 3449 sit.
1034 3398 1095 3449 Din-
1145 3394 1266 3465 βωνίδηςι
1290 3392 1368 3445 schol.
1391 3391 1440 3444 ἀπὸ
1459 3391 1544 3463 δήμου
1564 3397 1612 3466 τῆς
1629 3390 1697 3446 Λεον-

542 3481 637 3533 dorfius
658 3496 718 3533 vero
740 3496 772 3532 ex
796 3482 852 3548 ipso
874 3481 1010 3533 scholiasta
1032 3498 1095 3551 eque
1144 3480 1211 3538 τίδος
1238 3478 1321 3552 φυλῆς
1348 3476 1361 3529 ὁ
1389 3475 1586 3551 Σκαμβωνίδης.
1620 3479 1697 3547 Pagus

541 3567 710 3619 Demosthene
728 3583 753 3635 p.
775 3567 839 3619 1075
861 3568 924 3620 satis
941 3567 1096 3620 demonstra·
1147 3567 1265 3619 audiebat
1276 3561 1462 3633 Σκαμβωνίδαι,
1481 3564 1513 3616 cl.
1527 3565 1607 3619 Paus.
1624 3565 1644 3629 I,
1661 3562 1697 3626 38,

541 3653 590 3716 rit,
617 3653 693 3704 etiam
719 3652 812 3705 liberos
834 3653 948 3705 homiues
970 3653 1096 3705 interdum
1147 3654 1171 3705 ⁸2.
1190 3651 1299 3704 Boeckh.
1319 3650 1346 3703 Ο.
1365 3650 1383 3701 Ι.
1402 3665 1426 3701 n.
1440 3648 1481 3702 70.
1510 3650 1698 3703 LealreDemen

541 3739 642 3790 nomine
672 3739 760 3791 Sosiae
788 3755 848 3792 usos
880 3755 944 3793 esse.
991 3740 1096 3792 Verum·
1146 3756 1171 3807 p.
1185 3739 1226 3791 22.
1239 3737 1297 3795 233,
1327 3736 1419 3803 Bergk.
1439 3734 1495 3786 ltel.
1515 3734 1589 3788 Com.
1607 3752 1632 3803 p.
1645 3733 1697 3787 808.

542 3827 639 3887 tamen,
660 3824 720 3877 licet
741 3827 806 3878 servi
828 3829 970 3893 spectatum
991 3826 1028 3877 ire
1046 3841 1096 3877 non
1147 3825 1305 3877 Nicostratus
1315 3822 1378 3874 alias
1388 3822 1463 3873 homo
1474 3822 1589 3888 ignotus,
1602 3823 1698 3889 propter

542 3912 699 3974 vetarentur,
724 3911 783 3962 licet
808 3910 882 3963 liberi
907 3912 961 3964 eius
988 3912 1096 3963 nominis
1146 3908 1335 3978 δεισιδαιμονίαν
1362 3905 1545 3959 sacrificiorum
1573 3907 1698 3960 studiosus

542 3995 656 4048 homines
678 3996 785 4049 Athenis
806 3997 911 4061 tuerint,
934 3998 1034 4051 Sosiam
1057 4011 1096 4047 ac·
1146 3996 1194 4046 tu't
1211 3997 1237 4046 et
1254 3993 1457 4061 superstitiosus,
1478 3992 1525 4043 sed
1547 3994 1626 4045 etiam
1642 3992 1699 4044 libe

542 4084 622 4134 torem
649 4083 688 4134 his
710 4083 794 4135 verbis
817 4083 971 4150 appellatum
992 4097 1048 4134 esse
1071 4084 1097 4133 et
1145 4080 1213 4134 ralis.
1252 4081 1288 4132 At
1305 4080 1392 4133 Sosias
1409 4078 1487 4129 verbo
1506 4077 1615 4130 honesto
1633 4075 1699 4149 φιλό

543 4171 647 4235 propter
673 4170 832 4232 ebrietatem,
861 4184 1018 4220 communem
1045 4183 1096 4219 ser·
1145 4164 1213 4227 ξενος
1230 4166 1302 4229 ludit,
1320 4168 1349 4216 ut
1365 4167 1455 4231 tangat
1475 4162 1647 4215 Philoxenum
1668 4161 1698 4213 ci·

543 4268 631 4305 vorum
643 4255 766 4318 morbum,
785 4257 899 4306 notatum
911 4256 981 4320 puto.
1009 4253 1096 4319 Agunt
1145 4252 1253 4304 naedum
1273 4253 1350 4303 etiam
1371 4250 1404 4301 ab
1430 4248 1558 4315 Eupolide
1579 4252 1605 4301 et
1624 4247 1700 4313 Phry·

543 4340 610 4391 enim
629 4340 755 4391 Xanthias
776 4343 802 4391 et
819 4340 906 4393 Sosias
924 4340 1095 4406 spectatorum
1144 4338 1218 4389 nicho
1231 4338 1350 4400 derisum,
1368 4335 1400 4389 cl.
1412 4334 1486 4386 blein.
1500 4332 1574 4387 Gom.
1587 4334 1599 4386 Ι
1610 4350 1635 4401 p.
1645 4331 1699 4384 881.

543 4428 637 4492 partes.
672 4426 795 4492 Dercylus
817 4425 892 4476 homo
910 4424 1024 4476 ebriosus
1042 4423 1095 4474 sive
1149 4422 1205 4475 158.
1228 4422 1250 4473 Π
1269 4438 1293 4489 p.
1312 4422 1370 4474 514.
1389 4419 1447 4472 598.

544 4524 625 4577 caupo
652 4511 700 4561 tuit
725 4494 778 4563 sive
806 4515 875 4562 actor
902 4510 1025 4571 comicae,
1053 4512 1097 4559 aut
1198 4525 1222 4561 ν.
1241 4507 1282 4561 83.
1318 4506 1354 4575 μὰ
1371 4505 1415 4556 τὸν
1434 4502 1507 4557 κύνε
1531 4505 1612 4559 schol.
1636 4502 1699 4557 οὕτω

544 4595 610 4647 inter
630 4599 785 4663 spectatores
807 4596 947 4659 assidebat,
970 4597 997 4645 ut
1018 4594 1097 4662 Amy·
1147 4594 1188 4646 διὰ
1205 4591 1395 4661 δεισιδαιμονίαν
1409 4590 1512 4659 ὤμνυον
1533 4592 1578 4653 (an
1589 4590 1698 4643 hocloco
