4484 5467
940 573 1115 661 oneroso
1134 609 1319 663 vesrsevu
1664 614 1705 677 59

544 780 614 845 lum
635 779 732 844 luisse
752 757 947 844 contendant
991 778 1078 856 Quod
1104 799 1202 865 quum
1230 782 1297 847 lieri
1318 800 1381 848 non
1402 781 1508 880 possit,
1529 789 1563 848 at
1582 790 1705 851 utrum-

544 912 608 977 que
637 889 790 957 choreutis
816 888 976 973 tribuunt,
1003 897 1036 957 et
1062 893 1205 959 aculeum
1226 900 1258 959 et
1277 894 1427 980 phallmn.
1470 895 1585 961 Verum
1606 897 1707 965 multa

547 1008 634 1086 sunt,
657 1023 736 1089 quae
756 1000 909 1068 contraria
935 1022 992 1068 nos
1019 1023 1141 1070 censere
1163 1005 1294 1097 iubent·
1324 1006 1396 1093 Ipsa
1415 1005 1591 1077 Aristotelis
1612 1010 1707 1077 verba

543 1116 631 1182 Poet.
651 1115 706 1198 IV,
730 1116 786 1180 142
808 1114 955 1201 γινομένη
977 1113 1030 1181 οὖν
1054 1116 1111 1181 ἀπ’
1137 1120 1236 1207 ἀρχῆς
1256 1119 1524 1207 αὐτοσχαδιαοτικὴ
1552 1122 1603 1186 καὶ
1629 1103 1705 1209 αῦτη

548 1229 601 1295 aul
621 1230 644 1314 ἡ
665 1226 825 1315 κωμῳδία,
847 1228 868 1312 ἡ
893 1226 948 1312 μὲν
971 1228 1032 1292 ἀπὸ
1054 1232 1115 1295 τῶν
1137 1230 1326 1319 ἐξαρχόντων
1347 1232 1398 1298 τὸν
1415 1229 1612 1320 διθύραμβον,
1633 1234 1706 1319 ἡδὶ

544 1340 914 1426 ostentauerant,
942 1339 961 1404 ἃ
984 1338 1028 1404 ἔτι
1055 1342 1105 1406 καὶ
1131 1346 1184 1407 νῦν
1213 1344 1244 1409 ἐν
1266 1347 1395 1415 πολλοῖς
1416 1347 1487 1410 τῶν·
1500 1342 1619 1411 πόλτον
1642 1347 1703 1411 δια·

545 1453 641 1539 pausa,
664 1451 768 1540 μικρὸν
791 1450 930 1538 ηὐξήθη,
958 1452 1154 1538 προαγόντων
1187 1453 1260 1521 ὅσον
1288 1456 1406 1541 ἐγίνετο
1434 1455 1563 1542 φανερὸν
1592 1456 1704 1543 αὐτῆς·

544 1566 582 1631 τὰ
604 1565 737 1652 pallea&
756 1562 803 1627 ita
824 1562 946 1628 exculta
965 1584 1033 1629 esse
1054 1564 1244 1649 significant,
1266 1574 1319 1650 ut,
1342 1566 1423 1653 qnod
1442 1565 1578 1632 maxime
1598 1567 1634 1633 in
1654 1567 1704 1634 his

543 1676 746 1763 conspicuum
768 1680 862 1758 esset,
889 1674 922 1739 id
943 1676 983 1741 ad
1005 1677 1152 1761 grandem
1173 1676 1344 1744 comoediae
1364 1680 1493 1744 formem
1514 1679 1704 1763 eveheretur,

544 1790 566 1855 i.
593 1810 620 1853 e.
645 1788 772 1875 μίμησις
793 1787 999 1875 φαυλοτέρων,
1022 1810 1116 1874 quam
1136 1788 1219 1855 idem
1240 1811 1267 1856 ο.
1288 1790 1325 1873 V,
1349 1793 1377 1856 1.
1398 1792 1418 1856 2
1441 1790 1582 1877 explicat
1625 1792 1704 1858 Item

542 1900 702 1979 discimus,
723 1900 761 1964 τὰ
781 1901 921 1986 quittari,
944 1899 1038 1964 etiam
1052 1899 1226 1986 philosophi
1239 1907 1339 1967 aetate
1352 1902 1388 1967 in
1400 1903 1509 1969 multis
1524 1902 1702 1969 civitatibus

542 2012 669 2095 usitata,
692 2011 814 2076 diversa
834 2011 928 2076 fuisse
950 2032 969 2075 a
990 1998 1157 2095 comoedia,
1177 2034 1269 2097 quem
1290 2014 1330 2079 ad
1349 2014 1476 2080 medum
1490 2016 1704 2101 dithyrambne

546 2124 647 2191 enen
675 2145 695 2188 a
721 2122 891 2207 uageedia3
919 2143 1019 2208 neque
1046 2123 1162 2208 obstat,
1190 2125 1271 2211 quod
1297 2126 1412 2191 Athen.
1439 2127 1521 2210 XIV,
1548 2127 1643 2192 etto
1665 2127 1703 2192 de

542 2234 725 2323 ithyphallis
746 2240 860 2300 narrat.
905 2234 982 2318 (Cir.
1005 2234 1176 2303 Casaubon.
1198 2238 1236 2303 de
1262 2246 1357 2325 satyr.
1377 2245 1466 2325 pecs.
1494 2261 1524 2325 p.
1555 2240 1595 2304 14
1621 2239 1703 2325 sqq.)

540 2332 656 2434 Atque,
678 2353 715 2412 ut
734 2367 798 2412 uno
812 2347 904 2413 verbo
917 2348 1014 2413 dicam
1033 2350 1114 2433 quod
1128 2351 1238 2434 sentio,
1259 2350 1393 2437 phallica
1405 2350 1505 2435 legem
1520 2358 1702 2437 sequuntur,

541 2482 622 2548 quae
643 2458 834 2547 praescribit,
862 2459 943 2544 quod
964 2460 998 2525 in
1019 2462 1213 2547 proverbium
1237 2463 1328 2529 abiit:
1361 2463 1518 2530 naturalia
1544 2485 1606 2530 non
1629 2470 1703 2530 sunt

539 2571 660 2660 tnrpia3
688 2571 843 2637 comoedia
864 2572 1004 2637 voculam
1024 2596 1087 2638 noc
1108 2574 1147 2638 ab
1169 2574 1260 2641 initio
1281 2575 1381 2661 coepit
1401 2575 1510 2641 delere.
1555 2576 1642 2654 Quod
1664 2598 1702 2641 ex

539 2682 608 2772 ipso
632 2682 755 2749 Comico
776 2683 854 2749 mihi
876 2682 980 2750 videor
1001 2683 1209 2751 demonstrare
1231 2708 1328 2773 posse.
1371 2687 1453 2757 Sunt
1479 2694 1582 2754 autem
1605 2689 1699 2775 potis-

544 2796 663 2863 simum
684 2794 770 2881 ipsae
791 2795 922 2879 fabulae,
944 2796 1012 2882 ipsa
1027 2797 1142 2863 Comici
1155 2800 1257 2879 verba,
1280 2821 1358 2886 quae
1374 2801 1554 2889 σεμνοτέραν
1568 2800 1702 2867 reddunt

541 2908 740 2975 comoediam.
784 2908 868 2974 luter
889 2908 1069 2994 superstites
1091 2909 1253 2995 pleraeque
1275 2910 1321 2975 ita
1341 2920 1415 2977 sunt
1435 2919 1642 2998 comparatae,
1664 2919 1701 2978 ut

538 3019 716 3106 legentibus
737 3019 826 3086 nobie
847 3041 887 3086 ne
908 3020 1040 3106 suspicio
1063 3021 1187 3107 quidem
1209 3022 1368 3102 obveniat,
1395 3030 1502 3109 poetae
1528 3024 1633 3110 phello
1661 3024 1700 3090 ad

539 3131 722 3200 delectanda
743 3133 847 3198 παιδία
874 3152 950 3218 opus
977 3134 1081 3199 luisse.
1125 3133 1252 3218 Equites
1272 3135 1467 3220 praesertim,
1494 3134 1624 3215 Nubes,
1639 3136 1700 3200 Ve-

539 3267 623 3333 spae,
638 3244 743 3309 Ranae
756 3264 835 3309 num
849 3242 1029 3328 indigebant
1042 3245 1098 3311 tali
1113 3245 1311 3332 supellectile,
1334 3268 1396 3332 qua
1409 3247 1507 3313 risum
1520 3246 1700 3313 moverent?

538 3359 625 3425 Num
646 3356 756 3442 Populi
778 3376 917 3442 persona,
940 3356 1154 3443 Phidippidae,
1176 3358 1398 3443 Bdelycleonis,
1427 3358 1583 3444 Aeschyli,
1609 3358 1700 3424 Euri-

538 3468 643 3559 pidis?
674 3491 751 3535 num
785 3468 912 3536 iuvenes
945 3468 999 3535 isti
1030 3469 1163 3553 nobiles,
1197 3451 1318 3554 quiin
1357 3471 1510 3557 plerisque
1536 3470 1701 3538 comoediis

538 3588 643 3671 partes
665 3603 737 3648 suas
760 3578 876 3666 agumt?
907 3602 985 3647 nnm
1006 3602 1078 3647 vero
1097 3603 1189 3667 ,senes
1209 3582 1366 3669 decrepiti,
1393 3583 1593 3670 Dicaeopolis,
1622 3584 1700 3669 Try·

539 3716 645 3781 gaeus,
666 3692 814 3773 Socrates,
837 3692 1037 3780 Strepeiades,
1059 3693 1233 3761 Philoclen?
1254 3694 1335 3771 Quid
1356 3695 1482 3760 tandem
1504 3696 1541 3761 de
1562 3696 1701 3782 personis

539 3810 668 3875 deorum
705 3826 898 3884 censeamus,
937 3806 974 3872 de
1007 3805 1141 3899 Baccho,
1174 3806 1340 3886 Mercurio,
1373 3806 1521 3890 Hercule,
1558 3808 1700 3890 Plutone,

539 3922 648 3999 Pluto,
681 3917 779 4004 deque
805 3918 999 3998 Prometheo,
1033 3918 1156 3983 Aeaco?
1193 3918 1270 3984 Mihi
1299 3918 1424 4003 quidem
1456 3919 1577 3985 fabulas
1605 3920 1701 3985 etiam

539 4040 633 4119 atque
655 4031 749 4097 etiam
770 4030 939 4118 perlegenti
960 4030 1115 4096 sententia
1136 4035 1198 4096 stat
1219 4050 1312 4115 quam
1333 4031 1520 4111 firmissima,
1542 4033 1701 4099 Comitum

538 4146 641 4213 multa
662 4165 734 4211 oum
755 4143 897 4210 irrisione
918 4142 1070 4227 hilarique
1092 4142 1159 4208 risu
1180 4142 1304 4226 gravia,
1322 4163 1438 4223 severa,
1465 4145 1574 4210 acerba
1595 4151 1626 4209 et
1646 4164 1700 4209 vo-

538 4260 643 4325 luisse
656 4263 688 4322 et
701 4248 915 4343 composuisse,
938 4261 975 4319 ut
996 4254 1131 4320 riderent
1152 4262 1343 4340 spectatores,
1366 4255 1420 4320 sed
1441 4255 1522 4321 inter
1536 4256 1700 4321 ridendum

538 4372 589 4438 vel
607 4376 678 4457 post
690 4369 815 4434 finitum
830 4368 1040 4454 spectaculum
1055 4372 1304 4453 permoverentur
1318 4368 1425 4433 Musae
1439 4388 1536 4451 quum
1550 4366 1700 4452 gravitate

537 4491 608 4551 tum
630 4482 817 4549 morositate.
861 4481 905 4546 Ne
927 4479 996 4545 illas
1019 4479 1145 4565 quidem
1165 4479 1300 4561 fabulas,
1329 4500 1407 4565 quae
1429 4479 1562 4544 maxime
1584 4479 1701 4566 pollent

537 4596 687 4679 lascivia,
726 4595 928 4680 Lysistratam
961 4593 1028 4662 dieo
1060 4598 1092 4668 et
1123 4592 1363 4679 Ecclesiaausas,
1403 4590 1543 4662 omnium
1574 4594 1700 4662 iorum
