4484 5467
541 607 602 668 1:20
922 598 1112 653 Puouueou.
1148 597 1261 651 cleve
1279 595 1315 650 lV

538 781 598 841 τῶν
623 774 875 858 οἰκοδομημάτων
899 771 1042 857 ἐξέχοντα
1067 769 1155 847 ξύλα;
1187 767 1249 831 alia
1276 787 1338 831 non
1368 773 1449 833 recte
1471 761 1645 854 explicata,
1669 773 1698 831 nt

540 887 617 970 λέγει
641 886 700 949 einh
733 885 843 970 μέρους
865 883 898 946 τδ
929 883 1128 967 δικαστήριον.
1173 882 1256 958 Quae
1285 880 1409 962 quidem
1441 879 1625 965 expediam,
1653 878 1697 948 ubi

540 999 673 1083 reliquas
695 996 928 1061 scholiastarum
959 998 990 1055 et
1018 991 1286 1073 grammaticorum
1314 991 1535 1076 explicationes
1566 990 1697 1056 attulero

540 1109 638 1174 Schol.
661 1109 752 1193 Vesp.
767 1107 853 1170 ¹552:
877 1108 1033 1191 φράγματι
1055 1109 1109 1167 τοῦ
1135 1104 1327 1190 δικαστηρίου
1350 1103 1485 1188 explicat
1509 1106 1698 1190 δρυφιὶκτοιςςΙ

539 1221 632 1286 schol.
655 1221 730 1283 Rau.
753 1223 874 1282 tantum
898 1217 989 1281 habet
1010 1221 1074 1287 τοῖς
1097 1219 1287 1290 δικαστικοῖς,
1310 1215 1483 1280 scilicetne
1513 1214 1698 1280 confundan-

541 1339 593 1397 tur
622 1353 693 1396 eum
721 1332 986 1416 ἐκκλησιαστικοῖς.
1031 1326 1132 1392 Schol.
1155 1348 1184 1391 ι’.
1207 1327 1285 1390 83οτ
1316 1322 1483 1413 δρύφακτος
1512 1328 1547 1391 τδ
1571 1316 1697 1414 παρατει-

542 1444 669 1529 νύμινον
696 1442 782 1516 ξύλον
805 1446 870 1512 τοῖς
893 1444 1053 1509 δικασταῖς.
1098 1437 1198 1501 Schol.
1215 1438 1269 1522 Eq.
1286 1438 1364 1502 675:
1388 1439 1500 1503 τὰνῦν
1523 1431 1699 1527 ταβλιύρατα

542 1555 725 1639 καλούμενα.
769 1554 805 1617 τὰ
827 1557 886 1616 τῶν
911 1552 1163 1636 οἰκοδομημάτων
1193 1550 1335 1636 ἐξέχοντα
1366 1550 1438 1623 ξύλα
1461 1550 1481 1634 ἢ
1505 1551 1542 1615 τὰ
1565 1538 1698 1635 κοίηκτλα,

544 1665 730 1754 δρυύφακτύς
757 1688 800 1735 τις
829 1664 881 1728 ὤν.
927 1665 954 1727 οἱ
982 1664 1038 1748 γὰρ
1068 1665 1190 1748 ἀρχαῖοι
1221 1668 1276 1727 ιτδιν
1308 1662 1429 1748 δένδρον
1461 1663 1536 1747 δρῦν
1567 1663 1697 1738 έκαλουν,

544 1780 645 1864 ὥσπερ
668 1779 717 1841 καὶ
740 1774 890 1861 ἀκρόδρυα
922 1775 957 1839 τὰ
979 1775 1056 1862 ἄκρα
1078 1778 1138 1838 τῶν
1163 1773 1303 1860 δένδρων.
1341 1773 1489 1837 τουτέστιν
1518 1773 1596 1839 δέκ
1619 1764 1697 1860 δρυδς

543 1888 691 1977 φραημδς.
720 1927 761 1935 -
792 1888 870 1952 Cum
898 1885 1069 1950 scholiastis
1097 1884 1302 1969 lexicographi
1332 1886 1393 1947 sere
1422 1877 1644 1964 consentiunt‚'
1670 1889 1698 1948 nt

546 2000 656 2066 Suidas
678 2022 701 2063 s.
724 2021 754 2063 ν.
779 2001 946 2087 δρύφακτος
960 2020 1030 2073 curn
1053 1997 1148 2061 schol.
1171 1996 1262 2080 l'esp.
1276 1996 1348 2059 386.
1359 1996 1489 2079 Etymol.
1501 1989 1546 2061 hl.
1559 2012 1605 2061 ex·
1621 2002 1696 2083 parte

545 2135 616 2178 cum
638 2111 729 2176 schol.
752 2111 806 2195 Eq.
830 2113 902 2175 675.
947 2109 1097 2173 Similiter
1119 2109 1254 2172 Zonaras
1276 2130 1300 2170 s.
1323 2130 1353 2171 ν.
1375 2108 1476 2191 Etym.
1499 2094 1599 2187 (δούς
1628 2107 1698 2194 quod

543 2232 646 2289 tamen
671 2245 725 2308 pro
746 2224 765 2307 ἢ
789 2224 937 2306 κιγκλίδες
959 2220 1098 2306 praebet:
1121 2222 1141 2303 ἢ
1165 2222 1195 2283 αἱ
1216 2224 1276 2284 τῶν
1301 2222 1498 2306 δικαστηρίων
1523 2222 1626 2309 θύραι.
1662 2222 1700 2285 lte

544 2335 714 2418 Hesychius
737 2356 760 2398 S.
783 2355 813 2396 v.
837 2334 1015 2420 δρύφακτοιτ
1044 2333 1151 2395 αἰτοῦ
1175 2333 1367 2417 δικαστηρίου
1391 2332 1497 2417 θύραι,
1527 2339 1560 2396 et
1582 2332 1699 2397 Moeris:

545 2448 712 2533 δρύφακτος
735 2469 754 2528 η
772 2445 851 2530 δύρα
873 2449 927 2508 τοῦ
952 2445 1142 2529 δικαστηρίου
1164 2443 1303 2508 Ἀττικοί.
1344 2441 1432 2507 Vnde
1447 2429 1702 2509 deriuaniluinsit

544 2559 682 2636 verbum,
705 2555 881 2638 ambigitur.
915 2553 1091 2618 Secundum
1113 2556 1213 2638 Etym.
1236 2553 1277 2617 hl.
1293 2562 1324 2619 et
1349 2555 1499 2618 Zonaram
1523 2543 1701 2643 εἴρηταικῦ

548 2665 621 2756 Ιρίως
645 2671 740 2732 πάντα
762 2669 798 2732 τὰ
822 2668 881 2731 ἀττδ
907 2667 1003 2739 ξύλων
1026 2664 1177 2751 γινόμενα.
1207 2706 1248 2714 -
1278 2668 1343 2732 lam
1367 2666 1449 2751 apud
1470 2655 1702 2734 Artemidorum

546 2780 583 2857 ll,
610 2782 659 2860 10,
682 2785 718 2842 ut
739 2778 779 2842 ad
801 2778 990 2862 Hesychium
1011 2784 1115 2842 monet
1137 2778 1291 2857 hibertus,
1321 2779 1402 2843 male
1423 2778 1537 2860 legitur
1562 2769 1703 2868 δρύσφοιρ-

545 2916 623 2963 κτος.
660 2890 785 2955 Licetne
806 2891 878 2955 inde
893 2889 1052 2976 suspicari,
1074 2911 1129 2975 pro
1152 2892 1319 2978 δρύφακτος
1333 2890 1447 2975 ubique
1461 2889 1632 2973 legendum
1647 2883 1703 2957 osse

546 3004 732 3090 δρύφαρκτος
759 3004 781 3067 i.
810 3025 835 3066 e.
866 3001 1072 3091 δρύφρακτοςῗ
1114 3002 1248 3086 Vterque
1280 3003 1364 3067 onim
1392 3007 1422 3065 et
1451 3001 1653 3088 Etymoiogus
1679 2993 1704 3067 el

545 3113 678 3180 Zonaras
700 3116 775 3180 haec
796 3116 839 3200 (v.
860 3114 952 3180 schol.
975 3115 1029 3199 Eq.
1047 3114 1141 3197 675)ι
1166 3113 1352 3201 δρυύφακτύς
1373 3140 1416 3185 τις
1438 3116 1490 3194 ὢν,
1515 3117 1532 3179 ὁ
1555 3117 1589 3181 ἐκ
1610 3119 1702 3203 δρυιδν

545 3225 692 3313 φμαημύς.
736 3228 853 3291 Verum
881 3233 1008 3311 uterque
1036 3225 1130 3289 etiam
1157 3226 1246 3290 haec:
1274 3229 1293 3311 ἢ
1323 3228 1404 3312 παρὰ
1425 3229 1479 3312 τὴν
1505 3229 1577 3313 δρῦν
1603 3230 1653 3293 καί
1675 3227 1703 3290 τδ

543 3342 715 3415 ττακτῶσαι,
744 3338 762 3400 δ
783 3340 845 3402 ἐστι
867 3341 976 3422 πῆξαι,
1006 3338 1174 3424 δρύττακτος
1196 3339 1246 3402 καὶ
1268 3339 1444 3424 δρύφακτος.
1489 3338 1575 3415 Quid
1596 3359 1702 3404 causae

545 3450 638 3512 fuerit
652 3449 894 3513 Atheniensibus
916 3470 970 3534 pro
993 3450 1160 3536 δρύττακτος
1182 3470 1359 3536 nuncupare
1375 3450 1554 3537 δρύφακτος,
1578 3472 1641 3516 non
1663 3449 1704 3514 vi-

547 3559 616 3639 deo;
644 3561 743 3642 magis
770 3564 817 3624 est
844 3565 1097 3639 consentaneum,
1131 3582 1186 3653 pro
1215 3563 1400 3648 δρύφαρκτος
1427 3567 1614 3648 usurpatum
1644 3583 1704 3627 esse

547 3672 722 3757 δρύφακτος.
773 3671 885 3735 Omnes
913 3672 997 3736 enim
1026 3672 1243 3757 explicationes
1272 3673 1306 3736 in
1334 3660 1369 3738 eo
1403 3675 1464 3737 fere
1498 3675 1702 3751 consentiunt,

547 3785 736 3868 δρυφάκτους
766 3783 1012 3849 circumcinxisse
1041 3784 1194 3848 disasterii
1224 3785 1339 3864 locum3
1373 3786 1485 3870 quippe
1514 3785 1704 3871 explicantur

545 3916 599 3978 per
620 3897 771 3981 θώρακας,
795 3898 1014 3982 διαφράγματα,
1037 3898 1289 3983 ττεριτειχίσματα,
1311 3917 1366 3982 per
1389 3899 1539 3981 κάγκελλα
1560 3904 1617 3962 aut
1638 3924 1702 3982 καφ·

546 4009 672 4079 κέλλους
706 4008 727 4071 i.
758 4029 784 4071 e.
813 4007 961 4071 cancellos
995 4007 1046 4091 (de
1074 4008 1186 4092 quibus
1213 4017 1242 4071 ν’.
1271 4008 1321 4072 Ι)ιι
1353 4007 1455 4091 Gange
1484 4008 1583 4073 Gloss.
1606 4032 1630 4073 s.
1653 4009 1703 4092 u).

521 4122 527 4132 '
546 4120 708 4198 Philocles,
731 4118 785 4204 qui
807 4120 886 4184 nihil
907 4119 968 4184 nisi
991 4119 1140 4184 cancellos
1162 4120 1254 4198 videt,
1278 4119 1378 4184 verbis
1400 4140 1521 4204 quoque
1543 4128 1629 4186 amat
1652 4120 1704 4197 uti,

546 4253 624 4316 quae
647 4232 728 4297 cirea
750 4231 910 4296 dicasteria
931 4236 1108 4309 versantur3
1132 4253 1162 4294 v.
1186 4232 1263 4294 352:

611 4347 707 4408 πάντα
730 4344 894 4430 πέφαρκται
918 4344 993 4409 κούκ
1017 4342 1096 4407 ἔστιν
1120 4342 1200 4427 δττῆς
1223 4342 1290 4408 οὐδ’
1316 4344 1342 4406 εί
1365 4344 1468 4429 σέρφῳ
1491 4333 1638 4409 διαδῦναι.

546 4456 738 4541 Δρύφρακτος
765 4477 852 4539 porro
880 4456 944 4519 sive
972 4454 1053 4539 quod
1083 4454 1190 4519 malim
1221 4455 1407 4541 δρύφαρκτος
1436 4453 1594 4538 egregium
1615 4453 1707 4520 habet

547 4567 671 4644 socium,
696 4566 771 4630 Ach.
795 4568 852 4630 95:
1608 4556 1640 4568 ”
1678 4561 1695 4588 ”
