4484 5467
1021 600 1217 691 ronnei

1038 805 1195 863 ΞΑΝΘΙΑΣ.

692 906 764 992 φέρε
786 927 836 968 νυν
858 904 990 968 κατείπω
1013 910 1074 975 τοῖς
1096 906 1217 974 θεαταῖς
1238 906 1288 968 τόν
1312 905 1412 989 λόγον,

693 1014 770 1100 ὀλίγ’
795 1014 865 1079 ἄτθ’
890 1016 1020 1080 ὑπειπὼν
1043 1020 1162 1102 πρῶτον
1186 1016 1317 1080 αὐτοῖσιν
1339 1017 1420 1080 ταδί·

695 1131 787 1214 μηδὲν
810 1127 882 1214 παρ’
905 1131 994 1213 ἡμῶν
1016 1130 1189 1213 προσδοκᾶν
1212 1129 1278 1191 λίαν
1302 1128 1388 1213 μέγα,

694 1240 766 1325 μηδ’
792 1237 830 1304 αδ
852 1240 971 1324 γέλωτα
993 1237 1171 1325 Μεγαρόθεν
1193 1239 1403 1324 κεκλεμμένον.

692 1354 766 1435 ἡμῖν
789 1351 846 1437 γὰρ
871 1351 926 1414 οὐκ
950 1349 1015 1414 ἔστ’
1043 1348 1112 1414 οὔτε
1134 1349 1224 1436 κάρυ’
1248 1351 1282 1415 ἐκ
1304 1352 1454 1437 φορμίδος

693 1464 795 1527 δούλω
819 1466 1041 1549 διαρριπτοῦντε
1063 1466 1124 1532 τοῖς
1146 1462 1322 1546 θεωμένοις,

697 1574 765 1638 οὔθ’
788 1574 947 1660 Ἡρακλῆς
969 1575 1002 1637 τό
1026 1576 1143 1637 δεῖπνον
1166 1575 1406 1658 ἐξαπατώμενος,

694 1684 762 1750 οὐδ’
788 1682 875 1756 αὖθις
897 1684 1185 1769 ἀνασελγαινόμενος
1206 1683 1384 1771 Εὐριπίδης·

570 1908 595 1943 v.
609 1891 650 1944 55.
687 1889 749 1960 ὀλίγ’
772 1886 829 1942 ἄτθ’
851 1905 883 1943 cx
901 1890 933 1943 R.
950 1888 982 1942 V.
999 1889 1066 1942 Iunt.
1083 1888 1160 1943 Frob.
1178 1890 1325 1942 etKustero
1344 1895 1495 1959 receperunt
1507 1892 1607 1946 Inrern.
1619 1894 1697 1948 Dind.

608 1980 707 2033 Hirsch.
726 1980 819 2048 Bergk.
836 2007 870 2016 m
892 1973 1127 2045 Brunckiusoitqc
1149 1975 1172 2045 γ’
1198 1992 1257 2029 cum
1275 1977 1304 2031 B.
1327 1974 1355 2030 A.
1373 1977 1431 2031 nid.
1460 1975 1573 2047 όλίγατδ’
1598 1978 1697 2034 Dawes.

609 2066 643 2119 M.
662 2064 702 2120 Or.
720 2082 746 2133 p.
765 2064 824 2119 302.

641 2151 703 2205 ibid.
729 2155 831 2222 πρῶτον
854 2165 886 2202 ex
908 2149 940 2202 R.
967 2147 999 2202 V.
1031 2162 1088 2200 cum
1114 2148 1214 2202 Inrern.
1242 2149 1351 2202 editores
1377 2150 1538 2203 recentiores.
1565 2151 1697 2219 vulgatum

606 2238 726 2310 πρότερον
744 2235 874 2290 revocarit
890 2237 1011 2302 tanquam
1030 2249 1104 2287 suum
1122 2232 1184 2287 Cob.
1204 2235 1295 2289 tinem.
1313 2236 1330 2289 l.
1348 2236 1365 2289 l.
1383 2236 1450 2288 idem
1469 2236 1525 2290 cod.
1542 2236 1602 2290 Vat.
1621 2238 1649 2291 P.

570 2342 596 2377 ν.
609 2324 651 2378 57.
680 2321 853 2391 κεκλεμμένον
872 2321 903 2374 R.
921 2319 954 2374 V.
971 2319 1002 2373 B.
1022 2319 1050 2373 Ο.
1068 2321 1135 2373 Iunt.
1153 2320 1265 2374 Brunclr.
1282 2336 1348 2375 recc.
1366 2320 1543 2391 κεκλεμμένον
1562 2323 1646 2391 vulgo.
1666 2324 1697 2376 ci.

606 2410 669 2463 Lob.
692 2410 786 2477 Phryn.
813 2424 838 2475 p.
857 2406 915 2461 612.
941 2407 1027 2465 Herm.
1050 2407 1108 2475 Vig.
1134 2423 1160 2475 p.
1178 2406 1237 2462 391.
1263 2406 1411 2477 κέκλεμμαι
1437 2408 1536 2463 defend.
1560 2409 1637 2464 Dobr.
1665 2426 1698 2464 ex

606 2495 667 2548 Ath.
685 2495 732 2559 IX,
750 2494 800 2547 409
818 2508 841 2547 c.
858 2496 885 2545 et
902 2492 980 2546 schol.

571 2599 596 2636 ν.
609 2582 651 2635 61.
687 2579 927 2649 ἀνασελγαινόμενος
944 2578 1019 2632 codd.
1036 2580 1121 2646 vulgo.
1143 2575 1216 2638 αὖθις
1234 2578 1264 2631 ἂν
1283 2579 1354 2633 ἀνασ.
1373 2580 1405 2634 V.
1414 2577 1438 2635 s.
1451 2581 1530 2635 Beklr.
1556 2580 1698 2652 ἐνασελγαι·

529 2669 534 2677 “
607 2668 713 2737 νόμενος
736 2667 810 2721 Diud.
832 2681 916 2734 recep.
936 2665 1064 2732 Hirschig.
1099 2664 1151 2718 Gur
1172 2681 1232 2719 rero
1254 2666 1369 2719 inaudita
1389 2672 1457 2719 vox?
1483 2664 1555 2726 αδδις
1581 2668 1697 2737 όνασελγ.

607 2754 675 2806 idem
692 2756 732 2806 est
749 2752 817 2820 quod
835 2749 907 2811 αὖθις
924 2750 956 2804 αὖ
975 2750 1196 2820 ἀσελγαινόμενοςι
1223 2752 1315 2804 iterum
1337 2753 1479 2820 iterumque
1501 2755 1651 2822 perstrictus
1673 2759 1699 2808 et

608 2840 803 2893 contaminatus.

535 3015 604 3063 men,
631 3001 660 3050 ut
677 2997 776 3050 aedium
794 2999 879 3049 custos
900 3011 957 3049 esse
981 3012 1032 3049 non
1052 2996 1094 3049 de·
1144 3015 1207 3055 σεως
1220 2995 1348 3065 διαβόλου
1360 2995 1462 3068 καρύων
1475 2994 1698 3065 ὐποοτελλομένων

536 3086 618 3146 sinat,
640 3083 718 3135 verba
735 3082 819 3134 iacere
837 3082 921 3150 coepit
938 3082 1006 3150 apud
1024 3097 1095 3151 spec·
1143 3082 1190 3153 τὴν
1208 3082 1299 3135 κακίαν
1317 3085 1362 3134 τοῦ
1376 3081 1512 3154 δράματος.
1540 3083 1635 3135 Morem
1647 3085 1700 3136 bel-

536 3173 642 3223 tatores.
677 3168 778 3219 Priores
795 3182 855 3235 ergo
874 3167 937 3219 duos
954 3184 1042 3220 versus
1061 3167 1095 3221 54
1143 3170 1207 3221 laria
1229 3167 1379 3237 proiiciendi
1400 3168 1598 3235 spectatoribus,
1625 3184 1699 3235 quem

536 3258 565 3307 et
582 3253 628 3318 55,
655 3253 746 3320 quibus
763 3246 997 3306 confabulationem
1018 3255 1095 3305 inter·
1145 3254 1242 3307 deridet
1251 3254 1377 3319 Comicae,
1390 3253 1531 3306 Brunckius
1544 3251 1576 3304 ad
1588 3268 1612 3305 r.
1622 3253 1701 3320 expli·
1744 3316 1746 3321 Ι

535 3339 646 3407 rumpit,
664 3338 697 3390 ad
710 3338 810 3391 Sosiam
826 3339 962 3406 pertinent,
979 3339 1094 3407 interque
1144 3341 1218 3405 oarit,
1233 3341 1385 3409 comparatis
1395 3340 1454 3392 Pac.
1468 3338 1518 3391 962
1531 3342 1556 3390 et
1565 3338 1631 3391 Plut.
1642 3338 1700 3391 797.

536 3425 694 3494 surgendum
711 3427 737 3477 et
753 3423 966 3492 progrediendum
986 3439 1097 3492 pronun·
1197 3444 1221 3481 v.
1245 3427 1286 3480 60,
1327 3422 1469 3496 Ἡρακλῆς.
1512 3424 1592 3476 Poeta
1622 3427 1702 3477 semet

537 3514 653 3575 ciantur;
671 3510 836 3578 sequentibus
853 3509 951 3561 duobus
963 3512 1097 3577 utrumque
1146 3513 1230 3580 ipsum
1248 3516 1274 3565 et
1290 3516 1396 3565 excusat
1417 3515 1443 3563 et
1460 3510 1571 3574 deridet3
1593 3509 1702 3562 multum

538 3597 678 3665 alloquitur
704 3599 729 3648 et
755 3595 852 3647 socium
879 3598 905 3647 et
931 3599 1096 3662 spectatores.
1147 3600 1214 3651 enim
1234 3598 1305 3667 prius
1323 3597 1438 3650 Herculis
1460 3598 1625 3649 voracitatem
1646 3611 1703 3663 per-

539 3684 635 3748 Quinto
662 3681 755 3733 denum
781 3696 869 3745 versu,
895 3680 957 3751 ημῖν
981 3681 1028 3751 γὰρ
1051 3680 1097 3733 atr
1147 3684 1292 3747 strinxerat,
1310 3685 1342 3737 ci.
1361 3683 1493 3736 Fritzschii
1513 3682 1612 3735 Daetal.
1630 3698 1656 3750 p.
1669 3681 1700 3733 31

537 3768 589 3821 ἔστ’
611 3767 669 3820 κτλ.
687 3782 744 3819 cum
761 3766 822 3819 sotis
840 3767 1025 3834 spectatoribus
1043 3783 1097 3820 rem
1148 3785 1196 3837 sq,
1218 3770 1326 3822 eundem
1349 3772 1439 3837 postea
1459 3769 1487 3821 in
1508 3769 1587 3820 Ranis
1609 3785 1633 3821 ν.
1652 3767 1703 3821 503

537 3855 626 3907 habet.
1149 3870 1204 3922 sqq.
1244 3854 1308 3907 Cum
1334 3857 1421 3907 nostro
1443 3855 1499 3907 loco
1517 3853 1702 3922 comparandus

591 3956 616 3992 ν.
629 3939 670 3993 54.
691 3937 736 3991 τὸν
749 3937 837 4007 λόγονι
851 3937 929 3991 schol.
938 3938 969 3991 R.
978 3937 1025 4008 rip
1038 3937 1099 3991 δπό-
1148 3940 1222 3992 Pacis
1244 3956 1269 3993 r.
1287 3939 1346 3991 741.
1382 3940 1504 3993 Hercules
1527 3942 1611 3991 autem
1632 3939 1704 3991 Euri·

537 4023 608 4078 δεσιν
621 4028 666 4077 τοῦ
676 4024 812 4097 δράματος.
831 4024 863 4077 ci.
873 4024 965 4092 Bergk.
976 4040 1016 4092 ap.
1023 4024 1098 4079 Mein.
1148 4025 1238 4093 pideus
1260 4026 1286 4077 in
1305 4026 1433 4079 Alcestide
1455 4026 1550 4090 effecit,
1572 4027 1601 4076 ut
1617 4024 1704 4075 fabrita
1765 4094 1767 4098 .

539 4111 568 4165 G.
583 4111 607 4163 ll
624 4126 650 4178 p.
665 4110 730 4163 1029
749 4114 775 4162 et·
786 4109 860 4161 Mein.
880 4108 907 4161 Ο.
921 4109 956 4162 ΙΙΙ
974 4126 1000 4177 p.
1016 4109 1072 4162 107.
1148 4112 1318 4183 κωμικωτίρα
1349 4127 1406 4164 esse
1431 4112 1593 4164 iudicaretur.
1638 4109 1704 4161 Hinc

593 4213 617 4249 v.
630 4195 671 4249 57.
710 4190 869 4266 Μεγαρόθεν.
904 4195 942 4247 De
969 4194 1099 4248 comoedia
1148 4196 1309 4265 proverbium
1332 4200 1416 4249 ortum
1438 4199 1489 4260 est,
1512 4195 1579 4263 qued
1600 4194 1704 4246 comicis

539 4283 669 4350 Megarica
684 4282 735 4335 rid.
750 4281 825 4334 Mein.
838 4279 932 4333 Comi
948 4297 973 4349 p.
988 4280 1063 4333 null
1073 4297 1098 4348 p.
1149 4282 1266 4333 debetur:
1281 4278 1415 4353 Ἡρακλῆς
1433 4280 1556 4344 ξενίζεται,
1574 4280 1606 4332 de
1627 4280 1704 4331 fame-

541 4367 602 4421 418.
622 4367 673 4420 522
690 4371 717 4421 et
728 4367 820 4436 Bergk.
839 4368 896 4421 Rei.
915 4366 985 4419 Corn.
1003 4384 1028 4435 p.
1041 4364 1100 4420 273.
1148 4368 1198 4420 lico
1210 4382 1345 4436 moraeque
1354 4368 1509 4434 impatiente,
1519 4366 1550 4418 de
1563 4382 1612 4433 quo
1625 4366 1703 4417 schol.

541 4454 602 4507 286.
613 4452 671 4506 359.
682 4453 857 4522 etProlegom.
867 4452 957 4506 nostra
963 4467 989 4520 p.
1001 4450 1035 4504 58
1044 4467 1099 4520 sqq.
1148 4452 1209 4521 LyS.
1222 4453 1285 4505 928:
1303 4452 1424 4525 παροιμία
1441 4451 1480 4504 ἐπὶ
1496 4458 1549 4503 τῶν
1567 4449 1703 4522 βραδυνόν-

594 4556 618 4591 ν.
637 4538 678 4591 58.
706 4538 839 4612 φορμίδοςι
852 4538 930 4592 schol.
942 4538 975 4591 V.
999 4534 1035 4595 ὡς
1046 4543 1099 4589 τῶν
1149 4557 1210 4591 πων.
1237 4538 1260 4589 οἱ
1282 4539 1329 4611 γὰρ
1352 4537 1538 4610 δποδεχόμανοι
1558 4537 1602 4589 τὸν
1622 4534 1703 4608 ιΗρα-

542 4624 630 4678 ἅλλων
652 4631 764 4697 ποιητῶν
787 4623 828 4677 διὰ
854 4623 1005 4697 ψυχρότητα
1030 4624 1100 4695 ποιή·
1150 4623 1212 4676 κλέα
1242 4623 1413 4697 βραδόνουσιν.
1449 4622 1579 4696 ἀδηφάγος
1612 4623 1659 4695 γὰρ
1690 4621 1703 4674 ό
