4484 5467
989 622 1188 684 ΣΦΗΚΕΣ

662 798 689 860 τί
709 797 752 867 τίς
773 798 865 862 κακδν
889 798 1014 886 δέδρακε
1036 809 1095 879 τῶν
1119 810 1150 873 ἐν
1175 811 1270 891 οἰκίας

660 912 678 993 ἡ
701 908 818 996 Θρᾷττα
841 914 1060 997 προσκαύσασα
1083 922 1186 1005 πρώην
1210 924 1264 1005 τὴν
1288 921 1458 1006 χύτραν-

982 1038 1190 1101 ΦΙΛΟΚΛΕΩΝ.

660 1131 781 1217 ἐπίσχες
804 1131 906 1203 οὗτος·
935 1140 976 1206 ὡς
999 1138 1103 1221 δλίγου
1129 1141 1161 1225 μ’
1187 1145 1354 1212 ἀπώλεσας.

660 1241 728 1306 ἄνευ
753 1246 924 1330 δρυφάκτου
947 1250 1001 1332 τὴν
1025 1252 1108 1336 δίκην
1136 1253 1252 1336 μέλλεις
1273 1258 1385 1329 καλεῖν,

660 1352 675 1415 ὃ
698 1359 817 1439 πρῶτον
841 1360 912 1442 ἡμῖν
936 1364 996 1424 τῶν
1020 1363 1107 1447 ἱερῶν
1131 1364 1285 1449 &pafrem

963 1483 1198 1545 ΒΔΕΛΥΚΛΕΩΝ.

662 1575 701 1659 μὰ
723 1576 772 1639 τὸν
794 1576 843 1642 Δί’
869 1580 905 1642 οὐ
928 1585 1076 1668 πάρεστιν.

974 1708 1181 1766 ΦΙΛΟΚΛΕΩΝ.

1001 1861 1005 1869 .
1070 1807 1134 1872 ἀλλ’
1159 1811 1220 1892 ἐγὼ
1244 1812 1366 1894 δραμὼν

480 2034 498 2068 V·
523 2031 628 2111 Qu.
664 2059 690 2112 u
706 2079 743 2119 u<
761 2060 844 2129 ungo.
867 2061 892 2113 α
914 2062 951 2120 τίς
968 2062 1095 2129 nrrsoug.
1114 2063 1206 2132 eergo.
1231 2065 1271 2116 eu.
1289 2065 1320 2117 n.
1339 2094 1373 2102 -
1395 2066 1420 2117 e
1439 2072 1471 2141 ep
1491 2068 1556 2137 σοι,
1574 2068 1605 2121 n.
1625 2069 1657 2121 v,

517 2130 650 2212 *uulgo
668 2145 736 2215 quod
754 2162 800 2214 per
812 2148 939 2215 syuizesin
955 2148 1090 2216 legendnm
1103 2163 1159 2202 esse
1175 2150 1318 2203 Brunckius
1336 2154 1442 2216 monuit,
1460 2154 1488 2205 it.
1502 2154 1569 2207 Rois.
1584 2154 1656 2221 Synt.

480 2293 495 2329 v
527 2223 593 2285 13,
611 2230 651 2283 33.
671 2232 696 2283 ἐν
715 2230 797 2302 τῴκίᾳ
814 2233 841 2285 in
859 2233 940 2287 Ouon.
958 2234 1033 2285 Dind.
1052 2234 1145 2303 Bergk.
1163 2236 1188 2286 ἐν
1208 2236 1274 2305 οἰκίᾳ
1291 2237 1366 2289 Dind.
1385 2239 1412 2290 in
1430 2239 1510 2291 Paris.
1530 2240 1655 2307 Hirschig.

498 2323 504 2334 ·
540 2302 625 2369 Bne.
664 2318 746 2386 ungo
765 2318 942 2386 nueryoeons
960 2324 1006 2372 est.
1042 2321 1133 2374 noun:
1156 2322 1242 2385 „naeu
1265 2323 1327 2376 uicit
1345 2325 1384 2377 ver
1402 2326 1529 2378 Xanthus
1552 2326 1591 2377 vo
1611 2326 1657 2378 so-

538 2402 641 2455 &iasr‘
673 2404 751 2457 Servo
769 2406 846 2457 etiam
864 2406 1026 2472 Tyrwhittus,
1044 2407 1118 2461 Dind.
1131 2412 1257 2473 monente,
1274 2411 1371 2464 tribuit.
1401 2412 1451 2464 Pro
1471 2410 1656 2483 προσκαύσασα,

547 2490 632 2556 quod
643 2491 720 2558 rulgo
737 2491 837 2559 legitur,
855 2492 920 2545 Flor.
935 2491 992 2545 Chr.
1005 2494 1163 2560 proponebat
1174 2492 1376 2567 προσδραίυσασα.
1405 2498 1513 2550 Perinde
1525 2500 1572 2562 est,
1587 2498 1655 2567 quod

551 2573 595 2628 tie
613 2592 688 2629 serva
708 2578 798 2645 agitur.

489 2647 537 2698 v·
561 2661 625 2715 831.
643 2662 870 2731 interrogationis
890 2665 990 2731 signum
1013 2667 1071 2732 post
1089 2664 1203 2737 ἐφαίνετο
1225 2670 1311 2736 posuit
1334 2670 1445 2739 Bergler.
1469 2670 1543 2724 Dind.
1562 2670 1653 2738 Bergk.

559 2746 631 2800 Tum
658 2748 772 2820 ἐφαίνετο
801 2750 830 2801 R.
858 2750 886 2801 V.
910 2746 936 2801 Γ.
963 2751 1016 2803 Inv.
1044 2751 1122 2803 Bekk.
1145 2752 1220 2805 Dind.
1247 2754 1348 2807 Hirsch.
1375 2756 1467 2824 Bergk.
1489 2756 1654 2827 κατεφαίνετο

562 2842 639 2889 autea
657 2836 741 2904 vulgo.
908 2896 910 2901 Ι

509 2919 546 2967 V·
564 2921 623 2974 83⁶2.
661 2921 769 2973 Versum
786 2922 853 2974 inter
868 2922 1063 2990 Bdelyeleonem
1081 2927 1107 2975 et
1124 2924 1311 2977 Philocleoncm
1328 2924 1465 2990 distribuit,
1483 2943 1584 2979 versum
1602 2927 1653 2979 833

563 3007 733 3071 Philocleoni,
757 3024 781 3061 v.
799 3007 849 3061 834
872 3007 1036 3077 Bdeiycleoui
1058 3010 1182 3079 Bergkius
1204 3010 1286 3075 dedit,
1308 3010 1398 3063 Becrio
1420 3015 1531 3062 auctore.
1569 3012 1652 3079 Vulgo

564 3098 649 3152 omnia
666 3094 831 3162 Bdelycleoni
848 3095 1035 3160 continuantur,

470 3293 607 3374 fauoris
626 3324 679 3384 est,
703 3319 786 3372 ‹liuere
804 3320 887 3386 possit
905 3336 927 3371 v.
947 3318 1008 3372 824:
1028 3320 1048 3372 et
1151 3338 1174 3373 v.
1193 3319 1251 3372 830.
1287 3318 1445 3390 δρυφάκτους
1464 3336 1487 3370 ν.
1506 3318 1605 3385 Proieg.
1625 3335 1649 3385 p.

478 3381 586 3460 δαῖον
606 3403 732 3469 ἐκαθίζου.
1099 3407 1148 3459 no
1158 3422 1212 3474 sqq.
1241 3403 1468 3476 inopportune
1487 3405 1532 3473 nq.
1547 3404 1604 3457 oro.
1617 3404 1649 3457 v.

546 3511 569 3547 ν.
588 3493 647 3546 827.
682 3492 835 3546 InAcharn.
854 3489 904 3544 975
923 3494 962 3543 est
977 3492 1046 3544 τάἑν
1098 3492 1156 3545 386.
1174 3491 1233 3544 552.
1270 3490 1308 3543 Gi.
1327 3491 1367 3544 Fr.
1386 3491 1458 3545 Daet.
1477 3509 1501 3559 p.
1522 3490 1577 3542 125.

486 3579 574 3666 οἰκίρς
593 3578 660 3631 unde
678 3579 719 3632 hic
736 3594 836 3647 quoque
855 3594 912 3631 oum
929 3577 1004 3630 Dind.
1023 3582 1048 3631 et
1148 3595 1172 3629 ν.
1186 3576 1244 3629 831.
1264 3576 1372 3629 Versum
1385 3576 1522 3629 laudarunt
1531 3577 1562 3628 ad
1572 3577 1650 3629 simil·

483 3652 905 3720 llirschurticulumomittendum
913 3662 1049 3717 esseduco.
1098 3663 1186 3716 limum
1199 3663 1516 3731 Thesmophoriazusarum
1528 3663 1649 3715 Fritzsch.

543 3770 567 3805 ν.
592 3751 651 3805 828.
695 3748 807 3824 Θρᾷτται
835 3766 922 3803 servae
945 3766 1045 3814 nomen,
1096 3753 1122 3801 et
1148 3750 1239 3817 Enger.
1270 3777 1303 3783 -
1333 3748 1394 3801 Lob.
1421 3749 1546 3817 Aglaoph.
1572 3765 1598 3816 p.
1616 3747 1649 3800 54

488 3840 595 3907 saepius
613 3837 734 3891 aNostro
752 3840 909 3905 usurpatum,
927 3836 967 3888 bis
985 3851 1045 3905 quo·
1095 3834 1183 3887 laudat
1212 3834 1286 3886 Dind.
1333 3835 1431 3901 Nempe
1458 3835 1536 3886 indici
1567 3834 1650 3886 omnia

489 3941 540 3995 que
569 3925 597 3976 in
622 3923 712 3992 fragm.
739 3924 894 3977 comicorum
927 3922 1044 3977 occurrit.
1092 3920 1158 3993 ἱερά,
1177 3937 1241 3987 quiae
1259 3919 1291 3971 ad
1307 3920 1429 3973 iudicium
1446 3921 1580 3989 pertinent.

491 4012 529 4065 Gi.
560 4011 671 4078 interpp.
693 4010 846 4081 προσέκαυσε
872 4010 919 4079 τὴν
942 4006 1045 4081 χύτραν,
1147 4025 1170 4059 v.
1197 4006 1255 4058 83‘2.
1299 4006 1494 4073 Bdelycleonem
1521 4007 1568 4058 hos
1598 4010 1649 4058 tres

490 4099 506 4152 i.
525 4114 547 4151 e.
566 4098 661 4149 lentem
679 4096 732 4149 sive
750 4096 819 4148 aliud
837 4096 911 4165 quid,
933 4095 1001 4164 quod
1018 4095 1045 4146 iu
1095 4109 1191 4157 versus
1205 4096 1238 4146 'ut
1249 4094 1326 4163 vulgo
1339 4094 1467 4157 edebatur,
1485 4094 1561 4161 ioqui,
1579 4094 1649 4158 inep-

491 4185 542 4238 olla
564 4185 728 4253 coqueretur,
754 4181 860 4235 adussit.
900 4182 969 4234 Infra
993 4180 1042 4233 939
1094 4184 1149 4231 tum
1172 4184 1218 4233 est.
1254 4181 1365 4233 Primum
1389 4181 1469 4243 enim,
1493 4179 1554 4248 qnid
1571 4177 1648 4245 signi·

491 4270 700 4341 σροσκεκαυμένα
725 4268 810 4334 paullo
838 4269 938 4323 diverso
967 4283 1042 4320 sensu
1091 4266 1167 4319 dcent
1184 4268 1262 4319 verba
1279 4267 1304 4319 τί
1320 4285 1381 4319 ποτε
1392 4265 1421 4317 τὸ
1440 4264 1532 4337 χρῆμξ
1552 4261 1588 4319 ὡς
1601 4260 1647 4312 δει-

493 4357 523 4408 dc
541 4356 597 4409 ollis
620 4357 679 4425 igne
697 4356 818 4423 fumoque
840 4355 919 4423 nigris
938 4353 1041 4407 dictum.
1090 4351 1134 4405 νὸν
1165 4353 1181 4422 ἡ
1213 4352 1361 4425 φιλοχωρία,
1391 4351 1504 4419 proiecto
1534 4363 1585 4405 non
1610 4347 1647 4397 in-

541 4459 565 4495 ν.
583 4441 642 4495 829.
678 4438 779 4511 ὀλίγους
809 4441 840 4495 ci.
857 4441 921 4509 Eng.
941 4439 1042 4492 Thesm.
1091 4439 1203 4508 telliges,
1231 4440 1279 4491 uisi
1303 4437 1499 4503 Bdelycleonem
1524 4433 1582 4483 novi
1602 4432 1646 4482 nli-
1718 4485 1721 4489 ,

494 4527 549 4581 eei.
572 4527 656 4580 litium
668 4527 737 4595 apud
755 4529 890 4596 scriptores
907 4541 982 4593 saepe
1001 4538 1053 4578 oo··
1091 4524 1153 4593 quid
1188 4529 1264 4593 atque
1300 4521 1469 4590 inexspectati
1499 4511 1646 4586 conspicere

496 4615 569 4667 currit
585 4630 632 4683 pro
650 4611 736 4685 ὀλίγου
754 4613 812 4668 δεῖν,
1091 4610 1211 4680 accipias.
1247 4610 1342 4664 Verum
1364 4612 1462 4677 patrem
1486 4607 1570 4673 ipsum
1588 4620 1646 4673 pro·
