4484 5467
556 661 600 714 ΒΕ
618 660 790 716 IVDICIBVS
808 662 1066 716 ATHENIENSIVM
1083 662 1264 727 REBVSQVE
1282 663 1509 718 ivulcrmrssvs
1556 667 1616 731 127

648 833 728 905 ὅστις
750 840 854 921 κρατεῖ
876 839 927 900 νῦν
951 840 1005 899 τοῦ
1029 836 1117 899 λίθου
1140 840 1194 899 τοῦ
1216 835 1241 899 ’ν
1264 844 1305 918 τηῖ
1327 838 1428 917 πυκνί;

456 945 595 1031 adquae
617 946 794 1010 scholiasta:
818 949 880 1011 ἀντὶ
901 951 955 1011 τοῦ
980 949 1125 1035 βήματος,
1149 947 1229 1016 ὅστις
1251 952 1303 1011 νῦν
1327 948 1418 1012 διέπει
1440 950 1476 1013 τὰ
1497 955 1552 1032 τῆς
1566 974 1618 1014 πυ-

455 1058 569 1129 λιτείας
595 1060 646 1122 καὶ
673 1055 809 1141 (κάκεῖΡ)
838 1058 1008 1145 θιαπρέπει;
1037 1058 1133 1123 πύκνα
1165 1059 1196 1122 δέ
1225 1083 1298 1144 φησι
1320 1060 1353 1122 τὸ
1377 1060 1408 1124 ἐν
1434 1068 1475 1143 vii
1494 1060 1620 1145 Ἀττική

455 1171 666 1256 δικαστήριονι
688 1175 855 1251 utrumque
877 1171 1017 1248 miscens,
1041 1176 1076 1234 ut
1098 1190 1192 1255 supra
1213 1191 1336 1233 monere
1358 1170 1455 1235 licuit.
1472 1210 1512 1217 —
1536 1171 1617 1236 Tum

454 1280 592 1347 Acharn.
616 1281 678 1345 683
701 1302 789 1345 senes
811 1288 997 1366 queruntur,
1029 1280 1107 1366 quod
1131 1281 1211 1343 male
1233 1281 1330 1345 habiti
1353 1282 1416 1345 sint
1438 1284 1475 1346 ab
1498 1284 1618 1364 ingrata

453 1392 571 1479 patria:

611 1504 845 1590 τονθορύζοντες
865 1504 897 1567 δὲ
920 1506 1000 1590 γήρα
1022 1513 1067 1591 τῷ
1089 1507 1167 1592 λίθῳ
1191 1505 1408 1592 προσέσταμεν,

614 1615 673 1701 οὐχ
696 1616 825 1701 ὁρῶντες
848 1616 945 1691 οὐδέν,
969 1618 995 1680 εἰ
1019 1619 1059 1702 μή
1084 1624 1139 1702 τῆς
1162 1619 1245 1703 δίκης
1267 1620 1319 1702 τὴν
1348 1617 1472 1702 ἠλύγην.

456 1726 570 1807 Schol,
593 1726 676 1789 uude
699 1725 810 1790 Suidas
832 1747 888 1790 sua
909 1726 1021 1805 hausit,
1046 1729 1124 1814 λίθῳ
1148 1730 1180 1792 δὲ
1203 1737 1247 1815 τῳ
1271 1732 1393 1817 βήματι,
1415 1728 1465 1790 oui
1482 1728 1618 1793 Venetus

456 1839 556 1921 addit,
578 1846 625 1925 τῷ
646 1840 677 1904 ἐν
700 1847 741 1922 vv]
762 1841 850 1903 πνυκὶ
874 1840 1065 1926 δικαστηρίῳ,
1088 1860 1159 1903 cum
1181 1860 1236 1903 suo
1258 1839 1389 1923 quodam
1407 1838 1483 1915 iure,
1506 1840 1618 1925 quippe

456 1953 514 2035 qui
536 1949 679 2031 senserit,
703 1950 865 2035 permultis
887 1950 921 2012 in
944 1950 1034 2013 rebus
1057 1952 1181 2014 comitia
1202 1951 1376 2036 iudiciaque
1398 1957 1429 2014 et
1450 1952 1618 2036 comparari

455 2066 541 2130 inter
572 2084 604 2144 se
630 2062 766 2147 potuisse
796 2068 827 2125 et
853 2061 977 2126 omnino
1006 2044 1112 2124 eadem
1141 2062 1243 2125 tuisse.
1294 2063 1409 2126 Verum
1437 2064 1520 2126 enim
1548 2083 1618 2126 vero

457 2175 593 2240 eundem
615 2176 741 2238 fortasse
763 2173 913 2259 lapidem,
940 2194 1038 2257 nequo
1059 2179 1165 2237 tamen
1188 2195 1274 2254 eum,
1304 2179 1455 2258 quatenus
1476 2176 1509 2237 τὸ
1534 2178 1618 2262 βῆμα

458 2289 519 2370 sit,
541 2286 683 2351 hocloco
706 2284 864 2349 Cornicum
886 2285 918 2349 in
943 2290 1045 2348 mente
1067 2280 1227 2366 habuisse,
1252 2287 1395 2367 verbum,
1423 2285 1504 2369 quod
1517 2305 1618 2373 *appo-

459 2400 559 2464 situm
587 2404 647 2479 est,
676 2397 898 2484 προσέσταμεν,
927 2397 1083 2461 ostendere
1111 2397 1243 2461 videtur.
1293 2397 1377 2461 idem
1406 2398 1500 2481 igitur
1528 2398 1620 2461 fuerit

460 2518 555 2594 atque
576 2510 639 2589 ille,
663 2530 754 2593 quem
777 2508 928 2573 Philocleo
951 2510 1016 2572 lieri
1039 2530 1071 2572 se
1094 2509 1179 2593 cupit
1201 2510 1290 2593 Vesp.
1315 2510 1393 2573 332:

734 2623 753 2706 ἢ
778 2625 854 2705 δῆτα
877 2622 962 2685 λίθον
988 2646 1024 2706 με
1046 2621 1185 2706 ποίησον,
1208 2621 1257 2707 ἐφ’
1283 2619 1318 2684 οὖ

730 2735 782 2803 τὰς
804 2733 939 2818 χοιρίνας
962 2733 1153 2818 ἀριθμοῦσιν.

459 2847 560 2923 Quem
579 2844 718 2931 proxime
740 2849 895 2909 oratorum
923 2842 1058 2928 lapidem
1079 2842 1173 2906 fuisse
1195 2864 1249 2928 per
1271 2865 1302 2908 se
1324 2849 1424 2930 patet,
1453 2867 1549 2930 quum
1572 2867 1619 2911 res

459 2957 500 3021 ad
521 2955 640 3022 iudicia
660 2955 833 3042 peragenda
855 2954 1042 3018 necessariae
1065 2975 1119 3038 per
1145 2956 1403 3020 totum-tribunal
1425 2957 1492 3020 sine
1514 2957 1619 3022 ordine

460 3068 627 3155 dispositae
649 3067 891 3151 distributaeque
914 3088 979 3131 esse
1001 3087 1064 3131 non
1084 3072 1217 3152 possent.
1261 3066 1335 3131 Pars
1358 3067 1452 3150 igitur
1473 3067 1558 3132 illius
1573 3068 1619 3131 la-

459 3181 543 3267 pidis
564 3181 598 3245 τὸ
622 3183 707 3268 βῆμα
728 3179 830 3265 potuit
851 3199 925 3257 esse,
947 3199 1018 3263 pars
1034 3198 1154 3262 quoque
1172 3178 1386 3261 suffragiorum
1407 3180 1500 3256 locus,
1523 3200 1620 3262 quum

459 3294 495 3358 in
520 3292 650 3381 iudiciis,
674 3297 742 3355 tum
769 3291 804 3355 in
837 3290 985 3368 comitiis,
1014 3311 1144 3375 quorum
1177 3292 1262 3355 λίθον
1292 3290 1425 3375 Hesych.
1458 3292 1491 3356 τὸ
1520 3293 1551 3357 ἐν
1580 3299 1621 3375 τῇ

460 3406 511 3471 θεί
520 3470 525 3492 ,
554 3406 699 3490 ἐκκλησίᾳ
724 3407 809 3494 βῆμα
831 3401 978 3487 explicat,
1008 3402 1060 3467 sed
1083 3422 1180 3487 quum
1202 3423 1295 3467 causa
1316 3402 1456 3467 absoluta
1477 3402 1620 3486 suffragia

459 3516 579 3583 iudices
603 3518 732 3597 ferrent,
755 3515 788 3580 τὸ
813 3519 899 3604 βῆμα
921 3503 1035 3599 optime
1057 3513 1243 3579 inserviebat
1265 3516 1464 3580 numerandis
1486 3514 1620 3580 calculis.

459 3630 497 3694 In
513 3627 620 3694 eodem
635 3633 776 3711 suggesto
790 3626 910 3713 lapideo
926 3632 957 3690 et
970 3647 1058 3690 reum
1074 3631 1105 3690 et
1119 3632 1326 3691 accusatorem
1337 3628 1519 3710 consedisse,
1533 3627 1622 3692 testis
1692 3643 1695 3649 ·

460 3748 508 3807 e'st
521 3740 612 3807 Dem.
634 3740 708 3805 κατὰ
728 3737 909 3825 Ὀλυμπιοὸ.
926 3760 956 3823 ρ.
974 3740 1073 3802 1176:
1094 3736 1348 3825 Ὀλυμπιόδωρος
1361 3741 1526 3826 ἠγωνίζετο
1542 3745 1621 3828 πρῶ·

459 3878 513 3926 τος
536 3890 578 3901 -·
605 3854 691 3937 κάγὼ
722 3859 828 3935 σιωπή
855 3852 1015 3937 ἐκαθήμην
1040 3852 1087 3914 ἐπὶ
1107 3855 1162 3914 τοῦ
1191 3849 1294 3938 ἑτέρου
1320 3855 1464 3940 βήματος,
1495 3853 1516 3917 i.
1539 3875 1565 3917 e.
1588 3854 1622 3916 in

459 3964 559 4031 altera
579 3968 665 4049 pa1te
687 3959 809 4049 lapidis.
853 3961 1044 4026 inserviebat
1066 3949 1214 4046 quoque,
1231 3968 1268 4025 ut
1288 3962 1344 4027 hoc
1372 3986 1435 4028 una
1456 3962 1621 4043 absolvam,

458 4074 656 4143 iuriiurando
677 4096 696 4139 a
717 4074 871 4138 iudicibus
893 4079 924 4136 et
958 4073 1209 4138 concionantibus
1232 4069 1340 4138 dando.
1383 4076 1447 4140 Hoc
1469 4074 1553 4139 enim
1576 4072 1623 4139 di·

458 4196 542 4255 serte
564 4187 737 4271 Hesychius
759 4208 783 4251 s.
806 4206 836 4250 v.
860 4184 1034 4271 λιθομόται·;
1064 4186 1234 4273 δημήηοροι
1258 4187 1306 4251 ἐπὶ
1326 4192 1381 4251 τοῦ
1405 4186 1494 4252 λίθου
1517 4184 1622 4273 θμνίιν·

457 4326 517 4380 τες,
543 4303 559 4365 ὁ
577 4301 610 4365 δὲ
626 4300 714 4370 λίθος
735 4298 769 4364 τὸ
786 4299 816 4362 ἐν
832 4305 874 4381 τηῖ
889 4299 958 4384 θείη
974 4300 1118 4384 ἐκκλησία
1135 4301 1235 4388 βήμαε
1257 4299 1361 4362 minus
1377 4297 1487 4364 diserte
1504 4297 1622 4385 Harpo·

458 4411 558 4480 oratio
580 4434 604 4477 S.
620 4432 651 4477 v.
674 4410 775 4481 λίθοςι
798 4408 998 4497 Δημοσθένης
1014 4412 1044 4475 ἐν
1061 4418 1106 4497 τῷ
1115 4411 1191 4475 κατὰ
1202 4408 1348 4481 Κόνωνος
1372 4416 1450 4492 ,τῶν
1466 4435 1497 4475 τε
1515 4409 1622 4498 παρίν·

458 4553 521 4593 των
545 4524 619 4589 καθ’
643 4524 697 4589 ἕνα
720 4526 794 4609 ἡμῖν
819 4522 931 4586 οὑτωσὶ
959 4524 1008 4585 καὶ
1036 4523 1110 4609 πρὸς
1131 4524 1181 4588 τὸν
1206 4524 1291 4589 λίθον
1321 4523 1443 4608 ἄγοντες
1470 4525 1519 4588 καὶ
1542 4524 1622 4613 tiup-

458 4640 617 4711 uodvee;“.
654 4636 770 4702 ἐοίκασι
795 4634 823 4700 θ’
846 4633 1007 4723 Ἀθηναῖοι
1031 4632 1105 4723 πρός
1126 4659 1179 4699 τινι
1206 4636 1285 4723 λίθῳ
1306 4634 1378 4706 τοὺς
1400 4635 1509 4727 ὅρκους
1531 4642 1622 4705 ποιεῖ·
