4484 5467
747 636 790 689 nn
809 637 966 712 rnnronn
985 598 1144 690 marma
1163 636 1349 691 vssrnavn
1366 639 1479 693 acran
1656 644 1694 706 17

535 831 612 873 cum
636 809 763 891 reliquis
786 809 886 873 titulis
909 810 1098 886 Πυθιονῖκαι,
1119 807 1352 893 Ὀλυμπιονῖκαι
1375 812 1550 876 conveniret
1572 814 1696 897 optime,

537 926 768 1005 quum'praeter
779 921 917 985 dramata
928 920 1054 1003 Dionysi
1070 920 1231 984 sollemnia
1246 921 1447 1003 dithyrambis
1462 924 1696 988 celebrarentur.

538 1035 685 1097 Ceterum
708 1033 819 1096 omissa
840 1032 912 1110 hac,
942 1054 1019 1115 quae
1042 1054 1114 1095 sane
1143 1032 1270 1109 arridet,
1299 1034 1486 1115 coniectura,
1515 1058 1590 1121 opus
1611 1029 1697 1102 Διδα·

540 1138 675 1211 σκαλιῶν
699 1145 792 1209 etiam
817 1145 1018 1227 dithyrambis
1040 1152 1144 1229 patere
1167 1151 1300 1230 poterat,
1324 1152 1429 1230 utpote
1452 1148 1618 1212 eorundem
1638 1148 1698 1211 sol-

538 1259 693 1323 lemnium
715 1256 912 1321 carminibus.

553 1412 555 1416 ψ
630 1370 710 1433 XIV.
754 1369 819 1432 lam
843 1390 876 1432 eo
898 1368 1109 1452 pervenimuS,
1139 1375 1175 1432 ut
1197 1370 1234 1461 de
1256 1370 1390 1437 historia,
1405 1371 1453 1435 vel
1476 1371 1512 1434 de
1535 1370 1605 1434 fatis
1627 1370 1698 1434 libri

540 1486 751 1548 Διδασκαλιῶν
781 1480 965 1544 sententiam
988 1480 1097 1544 dicam.
1142 1482 1243 1557 Quum
1266 1482 1383 1545 nullius
1410 1488 1529 1567 praeter
1549 1483 1699 1546 Aristote-

540 1596 605 1658 lem
633 1599 818 1661 memoretur
846 1593 923 1655 liber
950 1593 1146 1657 Διδασκαλίαι
1180 1594 1361 1679 inscriptae,
1396 1594 1478 1657 hunc
1511 1594 1700 1677 reliquorum

540 1707 674 1782 sontem,
702 1704 755 1787 qui
778 1705 980 1769 Διδασκαλικοί
1002 1705 1049 1767 rel
1074 1708 1140 1791 aspi
1162 1707 1369 1772 Διδασκαλιῶν
1392 1706 1584 1790 scripserint,
1607 1708 1700 1770 hrisse
1793 1700 1795 1710 ’

545 1816 729 1881 contendere
750 1816 831 1894 licet,
855 1836 916 1878 non
939 1817 1170 1879 adversantibus
1191 1818 1363 1882 duumviris
1381 1818 1510 1881 summis
1526 1819 1702 1883 Casaubono
1734 1852 1736 1854 ·

542 1937 575 1993 et
591 1928 751 1992 Boecllrio.
788 1928 879 1991 Hunc
902 1927 997 2009 igitur
1019 1928 1143 2005 librum,
1166 1929 1191 1991 si
1213 1930 1281 2008 ista,
1305 1951 1396 2013 quam
1412 1931 1563 2014 proposui,
1585 1908 1702 1995 ratione

542 2040 729 2123 compositus
752 2041 770 2101 υ
791 2038 969 2122 philosopho
991 2038 1064 2115 luit,
1094 2038 1178 2102 vario
1201 2040 1289 2103 modo
1312 2047 1342 2103 et
1363 2042 1555 2125 interpretati
1578 2049 1704 2108 suntet

544 2153 580 2215 in
604 2173 696 2214 usum
719 2172 809 2214 suum
827 2154 985 2213 verterunt
1000 2149 1190 2230 grammatici
1206 2151 1394 2234 posteriores.
1431 2152 1547 2215 lterum
1569 2153 1703 2217 hocloco

543 2264 736 2328 monendum
751 2252 805 2340 est,
828 2261 948 2324 eosdem
965 2260 1201 2325 didascaliarum
1216 2269 1417 2326 monumenta
1430 2264 1565 2347 potuisse
1579 2265 1704 2346 quidem

544 2375 707 2460 inspicere,
731 2374 783 2438 sed
806 2374 842 2438 ob
865 2373 965 2436 varias
987 2393 1093 2436 causas
1115 2372 1260 2451 noluisse,
1283 2374 1417 2438 maxime
1433 2376 1513 2457 quod
1529 2397 1617 2460 opere
1632 2377 1704 2440 Ari·

545 2487 666 2552 stotelis
688 2487 735 2551 uti
757 2486 846 2567 longe
868 2485 988 2549 facilius
1018 2491 1049 2548 et
1076 2485 1264 2549 commodius
1287 2492 1360 2550 erat.
1405 2486 1577 2569 Carystium
1600 2489 1703 2570 igitur,

545 2608 584 2665 ut
605 2599 793 2664 Boeckhium
815 2620 924 2682 sequar
946 2597 1135 2683 temporibus
1150 2598 1305 2681 neglectis
1329 2599 1395 2683 ipse
1410 2600 1587 2663 Athenaeus
1604 2600 1705 2681 arguit

547 2709 783 2776 dedidascalii‘s
806 2710 1003 2790 congerendis
1026 2710 1190 2775 edendisve
1213 2711 1292 2774 nihil
1314 2711 1477 2793 cogitasse,
1507 2732 1603 2795 quum
1631 2711 1706 2776 dicit

545 2825 604 2902 Vl,
634 2823 710 2887 235:
740 2822 790 2887 τὸν
820 2820 982 2906 λεγόμενον
1012 2826 1176 2909 παράσιτον
1206 2822 1376 2909 Καρύστιος
1406 2826 1422 2886 ὁ
1446 2815 1645 2909 Περγαμηνὸς
1674 2825 1705 2889 ἐν
1733 2815 1736 2821 ’
1766 2909 1768 2913 ι

536 2946 594 3025 τῷ
616 2940 682 3023 περὶ
696 2937 897 3000 διδασκαλιῶν
920 2934 1086 3019 εὑρεθῆναί
1106 2959 1196 3021 φησιν
1221 2936 1278 2998 ὑπὸ
1294 2938 1414 3021 πρώτου
1434 2934 1597 3012 Ἀλέξιδος,
1621 2938 1706 3000 ἐκλα-

547 3049 682 3135 θόμενος
706 3045 755 3111 δτι
777 3042 966 3132 Ἐπίχαρμος
997 3048 1027 3112 ἐν
1049 3045 1168 3110 Ἐλπίδι
1194 3046 1214 3130 ἢ
1238 3046 1366 3131 Πλούτῳ
1393 3047 1473 3131 παρὰ
1501 3045 1592 3110 πότον
1616 3046 1706 3111 αὐτὸν

548 3163 717 3246 εἰσήγαγεν.
740 3138 919 3245 -Νοιιιρυ
942 3158 1099 3242 Carystius
1129 3158 1178 3222 vel
1201 3178 1238 3221 ex
1262 3178 1349 3243 opere
1378 3156 1614 3220 didascaliarum
1636 3156 1708 3220 Ari-

548 3272 687 3338 stotelico
708 3272 756 3336 vel
780 3292 817 3334 ex
838 3271 913 3356 ipsis
930 3269 1146 3348 monumentis,
1170 3269 1250 3353 quod
1272 3269 1375 3333 minus
1398 3274 1637 3333 consentaneum
1652 3275 1707 3347 est,

548 3384 669 3467 aliquas
698 3384 757 3447 sibi
785 3383 1008 3447 observationes
1030 3382 1171 3446 hausisse
1198 3381 1335 3458 videtur,
1364 3380 1463 3444 velut:
1492 3386 1567 3464 quot
1594 3380 1709 3445 fuerint

548 3494 688 3559 eiusdem
703 3494 876 3577 argumenti
899 3493 1027 3571 fabulae,
1050 3499 1125 3576 quot
1141 3494 1279 3557 eiusdem
1293 3492 1436 3578 nominis
1451 3499 1567 3577 poetae,
1590 3494 1708 3576 quoties

549 3584 680 3692 quisque
702 3606 815 3691 pamas
838 3604 944 3667 mera
966 3604 1042 3688 (va.
1061 3604 1178 3689 eope),
1200 3605 1324 3669 simne.
1360 3604 1448 3667 rna
1469 3605 1559 3668 aare
1574 3611 1620 3669 aa
1637 3627 1708 3670 con-

546 3719 651 3795 iicere,
675 3739 724 3781 eas
746 3723 997 3799 argumentorum
1019 3723 1191 3780 nostrorum
1213 3699 1324 3801 partes,
1338 3738 1417 3800 qnae
1438 3720 1498 3803 πὴν
1525 3719 1708 3804 μυθοποιίαν

548 3830 646 3893 etiam
667 3829 749 3913 apud
771 3829 846 3893 alios
868 3830 988 3894 κεῖοδαι
1002 3828 1214 3914 pronuntiant,
1237 3827 1276 3892 ad
1299 3828 1473 3912 Caryatium
1496 3851 1561 3894 esse
1577 3831 1709 3893 referen-

549 3942 615 4005 das.
659 3940 719 4017 Qui
747 3962 843 4025 quum
864 3940 996 4004 Parasiti
1017 3960 1129 4004 nomen
1151 3930 1287 4025 primum
1309 3942 1391 4025 apud
1413 3941 1574 4005 Alexidem
1602 3963 1634 4004 se
1656 3935 1709 4003 de-

548 4052 747 4139 prehendisse
762 4052 852 4131 dicat,
867 4052 981 4116 *titulos
995 4051 1180 4129 fabularum,
1202 4057 1293 4135 prout
1314 4053 1347 4115 in
1362 4052 1608 4117 Didascaliarum
1621 4072 1709 4135 opere

550 4165 721 4242 exstabant,
743 4186 806 4229 non
827 4165 909 4249 ipsas
932 4163 1075 4248 inspexit.
1118 4162 1238 4226 Iniuria
1260 4184 1329 4245 ergo
1360 4165 1398 4228 ab
1420 4165 1579 4228 Athenaeo
1608 4184 1709 4247 repre·

550 4277 706 4354 henditur,
729 4275 766 4339 de
784 4276 895 4340 fabulis
910 4297 982 4338 eum
996 4286 1067 4339 non‘
1082 4275 1119 4338 de
1134 4274 1234 4339 titulis
1256 4275 1393 4340 locutum
1415 4283 1489 4340 rato.
1533 4278 1579 4340 Ac
1593 4275 1710 4338 Meine·

551 4390 641 4453 kium
661 4389 754 4452 huius
769 4384 813 4451 rei
836 4388 1006 4452 adiutorem
1022 4387 1126 4469 habes,
1150 4387 1204 4471 qui
1219 4388 1380 4452 Alexidem
1402 4387 1539 4452 fabulam
1553 4387 1710 4452 Parasitus

551 4500 733 4585 inscriptam
761 4500 896 4585 primum
918 4499 1057 4563 docuisse
1079 4521 1116 4561 ex
1138 4500 1195 4563 hoc
1216 4501 1368 4564 Athenaei
1397 4499 1461 4563 loco
1483 4498 1586 4562 docuit
1608 4482 1646 4563 H.
1668 4521 1709 4563 cr.

550 4636 582 4701 p.
606 4614 678 4677 377.
722 4612 871 4677 Similiter
886 4612 1089 4677 Dicaearchus
1113 4612 1235 4693 singula
1257 4618 1379 4677 tanturn
1401 4610 1586 4689 tractaverit,
1610 4633 1708 4697 neque

941 4709 944 4716 '
1489 4716 1505 4767 2
