4484 5467
546 603 610 668 280
1025 598 1221 657 zeum

547 792 598 844 710
700 776 750 839 καὶ
772 777 960 860 στεφάνοισιν
982 777 1217 839 παντοδαποῖσιν
1238 776 1288 838 καὶ
1310 774 1378 859 πόιρ
1401 774 1451 837 καὶ
1473 778 1605 860 πυριάτρ,

701 885 770 959 ἄξια
797 892 853 971 τῆς
879 891 938 970 γῆς
965 886 1171 957 ἀπολαύοντες
1197 888 1247 950 καλ
1273 889 1328 949 τοῦ
1350 885 1521 972 Μαραθῶνι
1546 888 1696 973 τροπαίου.

701 1000 753 1060 νῦν
781 996 810 1062 δ’
840 998 942 1084 ῶσπερ
971 996 1133 1081 ἐλαολόγοι
1164 995 1293 1083 χωρεῖθ’
1334 997 1400 1081 ἅμα
1432 1003 1478 1081 τῷ
1510 997 1558 1062 τόν
1591 999 1687 1083 μιοθδν

1372 1106 1485 1195 ἔχοντι.

582 1411 606 1446 τ.
620 1392 677 1446 710.
713 1397 769 1463 ποῶ
788 1395 848 1461 post
864 1392 1031 1457 Dindortium‚
1049 1389 1104 1462 πύῳ
1123 1391 1207 1459 vulgo.
1220 1420 1253 1429 -
1271 1394 1379 1465 πυριάτῃ
1396 1392 1428 1444 R.
1446 1392 1479 1445 V.
1493 1389 1523 1445 B.
1541 1388 1567 1445 Γ.
1583 1389 1607 1445 Δ.
1622 1393 1672 1447 sut

615 1478 681 1531 lunt.
699 1478 765 1530 lunt.
790 1477 865 1532 1540.
887 1478 961 1531 Frob.
986 1478 1074 1546 Steph.
1092 1477 1201 1530 Casaub.
1224 1478 1258 1529 ad
1278 1476 1338 1530 Ath.
1365 1478 1477 1531 Brunclr.
1501 1479 1554 1547 (qui
1574 1480 1672 1531 tamenin

616 1568 688 1618 textu
713 1564 846 1638 πυαρίτῃ),
876 1565 981 1617 Porson.
1007 1564 1085 1617 Dobr.
1112 1566 1263 1631 receperunt
1287 1564 1366 1617 Bekk.
1387 1563 1464 1617 Dind.
1485 1564 1584 1618 Hirsch.
1605 1565 1672 1631 Bergk.

616 1649 723 1723 πυαρίτῃ
742 1649 800 1703 ΑΜ.
817 1651 915 1720 reliqui.
949 1650 1022 1723 πυρῷ
1040 1650 1110 1704 Suid.
1130 1664 1150 1703 s.
1162 1667 1187 1701 v.
1205 1650 1300 1722 πυρίνιρ
1318 1650 1448 1703 mendose.
1478 1651 1511 1704 cf.
1530 1652 1600 1704 Mein.
1615 1650 1673 1704 (llll

616 1753 645 1805 p.
659 1735 710 1790 342
728 1739 754 1789 et
770 1737 855 1790 Hotib.
874 1753 900 1805 p.
921 1736 976 1790 105.

582 1856 606 1890 v.
620 1838 678 1889 711.
712 1842 758 1889 τοῦ
775 1838 797 1891 ’ν
809 1834 953 1909 Μαραθῶνι
970 1839 1046 1906 vulgo
1065 1843 1091 1891 et
1108 1838 1180 1891 Suid.
1198 1844 1242 1892 τοῦ
1255 1836 1401 1912 Μαραθῶνι
1417 1839 1525 1893 Bentlei.
1538 1840 1617 1894 Elmsl.
1630 1842 1676 1895 λολ
1724 1893 1726 1898 ,

617 1923 675 1977 343.
700 1924 786 1978 (lebet.
808 1925 840 1977 V.
863 1926 891 1977 L.
914 1942 939 1993 p.
958 1925 1015 1977 201.
1051 1926 1213 1993 Receperunt
1239 1926 1314 1977 Dind.
1336 1926 1429 1994 Bergk.
1465 1926 1600 1995 Vulgatam
1613 1929 1677 1979 tuetur

616 2010 737 2062 Fritzsch.
756 2009 857 2062 Thesm.
876 2008 934 2062 806.
957 2009 990 2061 cf.
1013 2009 1048 2061 id.
1071 2009 1101 2062 de
1124 2010 1242 2077 parabasi
1260 2010 1362 2063 Thesm.
1384 2027 1410 2079 p.
1429 2010 1472 2063 21.
1490 2040 1524 2048 —
1548 2012 1614 2063 Deru.
1629 2030 1650 2063 π
1662 2029 1679 2062 τ.

617 2114 659 2149 ατε
680 2133 686 2147 .
724 2136 729 2149 .
748 2094 806 2147 297.

582 2115 677 2249 arri
704 2113 843 2263 λιαοιογοι
860 2194 891 2246 ν.
905 2193 975 2246 suu.
993 2209 1014 2246 s.
1027 2210 1050 2246 v.
1063 2193 1147 2246 senti.
1165 2195 1270 2254 eonon.
1284 2195 1362 2249 een.
1375 2196 1451 2251 urar.
1469 2198 1594 2267 nnsoug.
1609 2198 1681 2267 Bergk

617 2280 756 2350 ἐλαιολόγοι
772 2278 857 2347 vulgo.
875 2304 908 2316 -
926 2278 958 2331 cf.
976 2293 1054 2346 supra
1071 2294 1094 2329 v.
1113 2278 1172 2331 450.

600 2541 624 2577 ν.
643 2521 701 2575 710.
738 2523 795 2589 πυῷ
812 2519 856 2571 καὶ
875 2520 998 2592 πυριάτῃι
1021 2519 1099 2571 schol.
1149 2520 1254 2574 lostram
1272 2522 1371 2575 scilicet
1394 2538 1452 2575 cum
1469 2523 1573 2593 reliquis
1590 2524 1687 2593 cupediis

548 2611 611 2670 πυὸς
622 2608 652 2662 τὸ
664 2612 765 2679 πρῶτον
778 2604 851 2675 γάλα,
860 2605 968 2678 πυριάτη
977 2604 1007 2657 τὸ
1020 2601 1099 2677 ἑφθόν
1149 2610 1175 2658 et
1211 2609 1358 2660 memoriam
1393 2625 1496 2679 pugnae
1524 2611 1688 2663 Marathonius.

548 2691 705 2769 (πυρίεφθον)
732 2692 797 2763 γάλα
816 2709 850 2739 =
870 2692 980 2744 colostra
1006 2696 1032 2744 et
1058 2692 1100 2744 de·
1148 2693 1229 2745 Huius
1253 2695 1347 2748 Noster
1369 2697 1437 2749 cives
1463 2712 1541 2766 saepe
1561 2713 1689 2765 commone

548 2786 648 2837 coctum
665 2781 705 2832 lac
722 2779 761 2832 vel
777 2778 887 2831 colostra
903 2778 1017 2843 decocta3
1035 2779 1100 2831 inter
1148 2779 1217 2844 iacit,
1235 2785 1264 2833 ut
1280 2782 1434 2835 Salaminiae
1450 2782 1498 2852 Eq.
1511 2782 1562 2837 785
1579 2784 1645 2852 (Lys.
1656 2783 1689 2837 59.

547 2884 588 2921 res
614 2869 687 2920 eraut
715 2865 748 2917 ad
772 2864 926 2933 epulandum
952 2866 1099 2934 exquisitae,
1148 2866 1217 2919 Eccl.
1236 2866 1287 2931 38),
1305 2868 1343 2919 ita
1359 2868 1475 2937 quidem,
1499 2872 1527 2922 ut
1544 2872 1691 2939 praesentem

546 2955 606 3007 Pac.
627 2952 693 3005 1150
714 2950 745 3023 ἠν
770 2950 796 3003 δὲ
818 2950 861 3002 οιαὶ
882 2951 946 3009 πυός
967 2968 1003 3009 τις
1030 2950 1099 3002 ἔνδον
1149 2968 1233 3005 πονου]
1259 2956 1354 3006 statum
1380 2953 1558 3023 reprehendat.
1592 2954 1629 3009 (li.
1652 2954 1690 3024 Eq.

546 3040 589 3092 καὶ
606 3038 694 3110 λαγῷα
710 3038 826 3109 τέτταρα,
843 3037 888 3089 ubi
905 3037 982 3089 schol.
1002 3034 1015 3089 ό
1033 3034 1098 3096 πυός
1149 3037 1207 3090 781.
1232 3038 1312 3091 1334:
1338 3042 1383 3091 τοῦ
1407 3036 1554 3112 Μαραθῶνι
1575 3041 1691 3115 τροπαίου,

546 3123 673 3186 ὀξυτόνως
689 3124 732 3176 καὶ
749 3123 886 3195 ἀρσενικῶς
903 3122 929 3175 ἐν
947 3127 984 3194 τῷ
1003 3126 1030 3176 ιε’
1052 3127 1099 3193 τῆς
1148 3124 1211 3176 Am.
1240 3124 1298 3178 696.
1326 3125 1384 3178 697.
1416 3126 1519 3179 Thesm.
1544 3127 1596 3181 807
1626 3128 1691 3192 (Rau

546 3208 660 3264 καθόλου
679 3209 763 3281 φησίν.
776 3279 778 3283 Ι
793 3208 918 3261 Scribitur
936 3210 1013 3262 etiam
1025 3214 1097 3273 πῦον,
1150 3209 1224 3263 1996.
1243 3209 1369 3275 avum).
1387 3208 1621 3287 Μαραθωνομάχαι
1630 3229 1692 3283 prae

545 3298 608 3350 Ροθ.
621 3296 665 3361 Vl,
683 3295 724 3348 54.
752 3295 783 3348 cf.
801 3295 875 3347 llein.
894 3294 1000 3348 Comfl
1017 3312 1042 3363 p.
1056 3295 1098 3361 95,
1148 3296 1264 3349 dicantur
1281 3297 1417 3351 Ach.181.
1436 3298 1524 3371 ἄνδρες
1541 3296 1692 3373 Μαραθυνό

545 3384 588 3452 qui
605 3397 706 3435 versum
723 3381 874 3434 scholiastae
890 3379 1021 3433 laudatum
1032 3385 1095 3434 πῦον
1146 3400 1225 3455 μαχοι
1253 3383 1321 3436 Nub.
1345 3382 1403 3438 986.
1446 3384 1512 3437 Item
1540 3385 1635 3439 Noster
1657 3402 1691 3454 ap.

545 3465 687 3537 δαινύμενοι
725 3465 950 3536 κάμπιμπλάμενοι
987 3469 1096 3541 πυριάτῃ
1146 3468 1237 3520 Athen.
1255 3468 1299 3533 111,
1318 3470 1365 3522 111
1384 3487 1399 3522 a
1419 3474 1465 3523 τοῦ
1483 3468 1628 3545 Μαραθῶνι
1642 3490 1691 3545 τρο

544 3569 603 3606 cum
620 3553 734 3606 Porsono
747 3552 850 3606 Cratino
867 3553 970 3618 tribuit;
988 3554 1096 3606 eundem
1145 3554 1227 3618 παίου,
1247 3555 1290 3607 ubi
1307 3555 1398 3626 Bergk
1417 3573 1458 3626 ap.
1476 3558 1553 3612 llein.
1564 3559 1589 3613 11
1599 3576 1624 3629 p.
1635 3557 1692 3612 1111

544 3639 668 3709 Bergkius
697 3638 751 3691 Rel.
782 3638 851 3691 Gom.
880 3656 906 3708 p.
934 3638 990 3692 158.
1038 3639 1095 3692 vid.
1146 3655 1197 3692 nou
1219 3641 1338 3708 probarit
1360 3641 1474 3696 Elmsleii
1492 3645 1692 3699 emendationem

543 3725 658 3779 Dindori.
686 3728 712 3777 et
738 3725 847 3778 Brunclr.
870 3725 948 3777 adh.
970 3742 993 3777 v.
1029 3722 1097 3785 Πυὸς
1147 3724 1223 3793 Apud
1241 3728 1359 3795 antiquae
1376 3730 1539 3796 potissimum
1558 3732 1692 3785 comoediae

543 3813 583 3866 vel
600 3815 663 3865 πῦον
682 3811 744 3863 satis
761 3811 879 3879 frequens
896 3811 965 3879 apud
977 3812 1097 3876 comicos,
1146 3815 1235 3880 poetas
1263 3812 1400 3867 illustrium
1428 3815 1530 3869 illorum
1560 3821 1692 3887 tempomnr

543 3899 576 3952 cl.
602 3897 681 3950 Indic.
708 3913 749 3965 ap.
776 3897 851 3948 Mein.
876 3896 900 3949 V
924 3913 944 3950 s.
969 3914 992 3949 v.
1017 3901 1042 3950 et
1065 3898 1097 3951 de
1146 3898 1268 3950 memoria
1292 3899 1386 3964 valuit,
1412 3899 1480 3953 inter
1505 3917 1571 3972 quos
1597 3902 1693 3973 Eupolis

543 3988 650 4038 accentu
665 3982 739 4036 Mein.
753 3981 859 4035 OomV
877 4000 902 4051 p.
917 3981 955 4035 18.
983 3980 1096 4056 Πυριαὶιη
1146 3999 1187 4051 ap.
1204 3983 1310 4052 Longin.
1328 3985 1360 4037 de
1377 3986 1479 4039 sublim.
1496 3987 1571 4054 XVI,
1596 3989 1613 4043 3
1646 3989 1693 4042 llil·

542 4071 619 4124 etiem
645 4068 675 4121 τὸ
700 4064 837 4140 πυρίερθον
865 4071 891 4121 et
917 4068 930 4120 ό
956 4066 1098 4142 euprepium
1146 4068 1318 4123 tiademiecit
1334 4072 1473 4126 iurantem:
1492 4072 1522 4127 οδ
1535 4072 1693 4147 portello

542 4156 647 4219 dicitur,
673 4154 810 4223 Philippid.
838 4171 878 4222 ap.
905 4155 997 4208 Athen.
1024 4156 1095 4220 xlv,
1146 4151 1242 4226 ραθῶνι
1262 4156 1310 4227 τὴν
1332 4156 1397 4228 ἐμὴν
1421 4159 1509 4233 μάχην
1532 4175 1585 4215 sec.
1612 4161 1692 4215 vator.

542 4241 592 4296 658
605 4242 629 4294 d.
656 4242 731 4294 llein.
749 4240 819 4294 Gom.
838 4242 873 4293 lv
892 4258 916 4309 p.
934 4242 993 4294 470.
1145 4240 1322 4309 θίοθτ.ρ.959.
1340 4243 1415 4309 Mein.
1428 4243 1585 4315 0.11p.457.
1598 4247 1694 4301 Praeter

593 4345 618 4393 ν.
637 4328 695 4379 711.
731 4324 883 4400 Μαραθῶνι.
914 4327 976 4379 Arte
989 4329 1096 4381 oratoris
1144 4326 1191 4378 hos
1208 4327 1285 4380 etiam
1302 4332 1416 4382 oratores
1433 4330 1532 4399 gloriae
1543 4334 1693 4388 Athenarum

541 4414 647 4483 perlecti
659 4429 690 4466 ac
701 4414 808 4481 legitimi
817 4417 899 4478 utens,
909 4412 977 4481 quod
987 4414 1096 4467 maxime
1144 4413 1267 4480 pristinae
1283 4430 1465 4483 saepenumero
1484 4433 1611 4474 memores
1622 4420 1693 4473 inim

542 4500 637 4555 afficiat
654 4500 811 4554 audientium
830 4501 941 4563 animm,
963 4499 990 4551 id
1014 4504 1095 4553 extre-
1146 4505 1234 4552 notum
1252 4505 1299 4553 est.

541 4600 610 4639 nrum
627 4588 725 4656 posuit:
742 4602 834 4655 panem
852 4589 879 4639 et
896 4585 1035 4651 Circenses,
1054 4601 1094 4639 co·
1194 4601 1218 4637 ν.
1237 4587 1295 4639 719.
1331 4586 1476 4659 ἐλαολόγοιι
1494 4591 1576 4647 schol.
1593 4591 1691 4651 εόττλεῖς
