4484 5467
689 663 733 719 on
752 664 911 718 nnnroun
928 663 1087 721 11111111
1106 634 1291 716 1111111111
1311 664 1422 717 acran
1595 667 1634 730 21

474 838 652 902 addendum
673 858 738 902 esse
760 857 877 919 censeo,
900 835 1148 921 quandoquidem
1171 857 1225 899 nos
1240 843 1304 899 tam
1322 838 1495 902 recentibus
1511 845 1636 923 tamque

475 950 627 1036 corruptis
650 948 888 1013 didascaliarum
907 948 1012 1013 formis
1034 948 1081 1012 uti
1104 937 1249 1029 cogimur.
1294 948 1397 1012 ldtiamv
1412 951 1567 1013 archontis
1590 952 1637 1035 ip-

475 1063 542 1126 sius
564 1067 684 1148 praeter
705 1083 822 1126 annum
844 1060 985 1125 additum
1005 1060 1174 1146 explicatur
1196 1081 1318 1142 nomen,
1342 1067 1377 1124 ut
1398 1082 1461 1143 arg.
1484 1062 1538 1125 Ar.
1555 1063 1637 1145 Lys:

476 1176 624 1260 ἐδιδάχθη
653 1175 701 1239 ἐπὶ
728 1173 864 1239 Καλλίου
898 1171 1045 1260 ἄρχοντος
1072 1177 1127 1236 τοῦ
1163 1173 1236 1258 μετὰ
1263 1171 1444 1259 Κλεόκριτον
1480 1174 1634 1260 ἄρξαντος.

476 1285 560 1351 Tum
585 1286 663 1350 illud
691 1284 727 1349 οὐ
752 1287 892 1361 σώζεται,
921 1286 1001 1369 quod
1028 1284 1063 1379 in
1092 1284 1210 1367 aliquot
1237 1285 1416 1367 fragmentis
1445 1285 1637 1349 didascalicis

477 1398 619 1479 occurrit,
642 1397 733 1461 utin
755 1417 817 1478 arg.
835 1396 967 1475 Medeae,
991 1397 1044 1460 Ar.
1060 1397 1195 1461 Acharn.
1219 1403 1285 1478 etc,
1309 1397 1390 1479 quod
1412 1403 1512 1460 exstat
1533 1398 1564 1459 in
1588 1405 1647 1460 ca>

476 1510 578 1592 talogo
600 1510 659 1574 isto
681 1508 856 1573 fabularum
878 1508 960 1593 apud
982 1509 1112 1573 Boeckh.
1136 1509 1168 1571 C.
1191 1509 1213 1571 l.
1237 1510 1299 1572 ‘229
1323 1532 1352 1593 p.
1376 1510 1452 1572 349:
1476 1509 1562 1573 αὗται
1588 1509 1638 1593 μό,-

478 1649 526 1687 ναι
552 1625 707 1698 σώζονται,
730 1621 767 1684 ab
789 1620 852 1684 illis
874 1621 1010 1705 primum
1027 1627 1212 1707 usurpatum
1235 1642 1300 1685 esse
1323 1620 1530 1703 grammaticis
1552 1627 1637 1705 puta,

478 1733 534 1817 qui
555 1736 608 1805 τὰς
630 1735 804 1819 ἀναγραφὰς
825 1733 874 1796 vel
897 1734 1022 1804 πίνακας
1045 1736 1254 1815 confecerunt,
1278 1754 1353 1818 quos
1375 1734 1552 1796 Athenaeus
1575 1733 1594 1795 l.
1618 1732 1637 1794 l.

478 1854 604 1933 propter
618 1844 902 1911 Asotodidascalum
919 1845 1056 1909 fabulam
1070 1846 1202 1925 incusat,
1226 1845 1265 1908 iis
1287 1846 1445 1923 nimirum,
1461 1867 1537 1928 quos
1552 1845 1638 1908 scho-

478 1960 560 2024 lium
581 1957 760 2022 Plautinum
783 1957 932 2037 nominat,
962 1958 1104 2042 exceptis,
1129 1957 1360 2038 Callimachum,
1391 1957 1637 2041 Aristophanem,

478 2072 710 2151 Aristarchum,
734 2069 901 2151 Cratetem,
925 2070 1115 2152 Caryatium,
1140 2069 1224 2133 alios.
1270 2069 1412 2151 Legimus
1434 2069 1529 2150 igitur
1550 2069 1639 2131 hodia

479 2188 662 2267 argumenta
682 2182 815 2267 pervarii
838 2181 972 2263 generis,
995 2187 1069 2245 sunt
1083 2180 1234 2244 nonnulla
1249 2181 1383 2244 melioris
1406 2186 1504 2261 notae,
1528 2182 1638 2263 quihus

480 2317 638 2361 annexum
660 2301 706 2359 est
733 2282 940 2376 fragmentum
962 2292 1196 2372 didascalicum,
1223 2314 1284 2356 non
1307 2292 1473 2356 didascalia
1486 2293 1638 2374 genuina,

480 2430 560 2493 quae
582 2407 706 2471 omnino
728 2406 815 2469 nulla
836 2405 984 2490 hodieque
1008 2410 1123 2486 exstat,
1146 2411 1220 2468 sunt
1242 2411 1348 2468 contra
1369 2404 1453 2468 haud
1475 2426 1572 2489 pauca
1594 2404 1639 2466 ita

479 2525 663 2605 comparata,
686 2525 722 2582 ut
735 2517 899 2600 Byzantini
915 2517 1046 2581 alicuius
1069 2516 1213 2599 ignobilis
1236 2517 1422 2581 industriam
1439 2517 1561 2602 sapiant
1577 2537 1638 2578 mm

481 2631 693 2697 necessariam.
738 2631 803 2706 Quo
831 2634 935 2692 tamen
962 2629 1102 2713 quodque
1131 2635 1347 2710 argumentum
1369 2634 1504 2713 tempore
1526 2628 1639 2713 ceperit

481 2743 641 2826 originem,
664 2753 761 2826 quove
783 2747 904 2805 auctore
926 2740 1081 2825 prodierit,
1104 2740 1138 2803 id
1153 2740 1354 2805 demonstrari
1375 2741 1555 2825 plerumque
1577 2762 1638 2803 non

479 2861 594 2942 potest:
617 2875 714 2938 quum
734 2852 807 2916 inde
829 2875 848 2916 a
868 2852 1061 2930 Dicaearcho,
1085 2852 1173 2915 cuius
1198 2854 1355 2924 ὑποθέσεις
1378 2875 1397 2916 1
1417 2852 1508 2915 Sexto
1523 2852 1638 2936 Empir.

480 2992 510 3053 p.
534 2968 596 3029 697
619 2966 795 3046 laudantur,
819 2964 858 3028 ad
881 2962 1032 3027 Thomam
1053 2963 1250 3047 Magistrum,
1274 2965 1362 3028 cuius
1384 2985 1495 3028 nomen
1523 2965 1576 3027 uni
1601 2986 1639 3029 ex

481 3077 672 3163 argumentis
688 3077 846 3141 Ranarum
861 3075 1116 3161 suprascriptum
1132 3076 1253 3158 legitur,
1276 3076 1411 3140 sexcenti
1426 3097 1523 3160 quum
1538 3098 1638 3158 gram-

481 3190 588 3256 matici
610 3196 679 3254 tum
699 3189 818 3253 librarii
840 3193 1022 3272 argumenta
1043 3194 1273 3274 componerent,
1297 3188 1517 3269 describerent,
1546 3209 1638 3269 auge-

481 3310 566 3385 rent,
597 3302 870 3366 circumscribendo
899 3300 1112 3364 deminuerent
1135 3339 1176 3347 -
1199 3300 1323 3366 omnino
1345 3300 1548 3385 depravarent
1569 3306 1599 3362 et
1620 3322 1639 3361 1

481 3416 615 3506 pristina
642 3420 739 3481 forma
771 3414 869 3496 magis
897 3413 1056 3496 magisque
1085 3419 1286 3477 removerent.
1321 3413 1428 3495 Itaque
1456 3433 1495 3474 ne
1524 3411 1639 3474 illustri

482 3529 609 3615 quidem
630 3525 845 3611 Aristophanis
867 3526 1010 3609 Byzantii
1031 3525 1156 3588 nominc
1178 3524 1232 3590 uti·
1248 3524 1319 3588 licet
1340 3525 1394 3606 ita,
1417 3529 1453 3587 111
1475 3522 1638 3587 Schneide-

481 3642 584 3706 winus
606 3640 686 3721 lecit,
710 3639 763 3723 qui
781 3637 968 3724 peculiarem
988 3637 1188 3722 scriptionem
1209 3635 1318 3699 edidit:
1344 3636 1399 3717 ,de
1422 3635 1639 3720 hypothesibus

411 3840 415 3844 .
482 3753 710 3837 tragoediarum
733 3772 909 3833 graecarum
931 3749 1131 3835 Aristophani
1153 3748 1301 3831 Byzantio
1323 3749 1533 3814 vindicandis“
1560 3751 1639 3814 Gott.

486 3867 579 3931 1853.
623 3866 697 3947 Qui,
722 3864 802 3947 quod
825 3884 878 3945 ego
900 3861 1019 3926 dudum
1041 3859 1213 3945 suspicatus
1236 3881 1320 3924 eram
1343 3883 1440 3946 neque
1462 3870 1582 3944 tamen,
1604 3869 1641 3925 ut

484 3977 752 4057 Schneidewinus,
776 3974 829 4059 qui
851 3974 911 4038 sibi
932 3973 1047 4058 primas
1069 3971 1282 4036 vindicaturus
1304 3979 1384 4053 erat,
1407 3975 1541 4054 monuit,
1566 3973 1640 4037 satis

484 4088 689 4171 defenderam,
713 4087 793 4172 quod
815 4087 909 4150 etiam
930 4086 1009 4167 Aug.
1031 4083 1203 4165 Nauckius,
1226 4084 1321 4147 Arist.
1344 4086 1415 4167 llyz.
1437 4108 1467 4171 p.
1490 4086 1553 4149 254
1575 4104 1640 4168 sqq.

484 4201 560 4266 satis
582 4207 670 4265 caute
692 4205 857 4282 negaverat
878 4197 976 4280 magis
998 4218 1091 4281 quam
1113 4195 1333 4277 affirmaverat,
1357 4219 1440 4261 nunc
1462 4196 1640 4261 auctoritate

485 4320 736 4396 argumentorum
750 4311 978 4391 nonnullorum,
997 4308 1131 4372 manime
1146 4308 1319 4390 Antigonae
1333 4315 1499 4393 permotus,
1523 4307 1641 4371 Aristo-

484 4425 581 4512 phani
603 4423 760 4508 Byzantio,
784 4423 871 4487 cuius
894 4422 981 4505 quasi
1004 4420 1158 4504 quandam
1188 4419 1351 4484 dictionem
1379 4420 1566 4501 singularem
1589 4400 1641 4482 de-

484 4536 681 4622 prehendisse
703 4536 761 4599 sibi
784 4535 954 4615 videbatur,
978 4534 1071 4596 etiam
1093 4532 1221 4616 reliqua,
1245 4534 1357 4617 quibus
1379 4532 1461 4594 idenr
1483 4531 1532 4594 vel
1555 4531 1641 4594 simi-

484 4650 524 4715 lis
548 4648 669 4714 dicendi
693 4648 800 4715 modus
822 4648 912 4728 inest,
936 4651 1116 4728 argumenta
1140 4644 1294 4709 vindicare
1313 4650 1437 4708 conatus
1460 4650 1514 4706 est.
1559 4644 1642 4707 lnter
