<?xml version="1.0" encoding="UTF-8"?>
<!DOCTYPE html PUBLIC "-//W3C//DTD XHTML 1.0 Transitional//EN"
    "http://www.w3.org/TR/xhtml1/DTD/xhtml1-transitional.dtd">
<html xmlns="http://www.w3.org/1999/xhtml" xml:lang="en" lang="en">
 <head>
  <title>
</title>
<meta http-equiv="Content-Type" content="text/html;charset=utf-8" />
  <meta name='ocr-system' content='tesseract 3.04.00' />
  <meta name='ocr-capabilities' content='ocr_page ocr_carea ocr_par ocr_line ocrx_word'/>
</head>
<body>
  <div class='ocr_page' id='page_1' title='image "./vespaecumproleg00richgoog_0061.png"; bbox 0 0 4484 5467; ppageno 0'>
   <div class='ocr_carea' id='block_1_1' title="bbox 671 624 1696 704">
    <p class='ocr_par' dir='ltr' id='par_1_1' title="bbox 671 624 1696 704">
     <span class='ocr_line' id='line_1_1' title="bbox 671 624 1696 704; baseline 0.003 -22"><span class='ocrx_word' id='word_1_1' title='bbox 671 628 715 682; x_wconf 83' lang='lat' dir='ltr'><strong>DE</strong></span> <span class='ocrx_word' id='word_1_2' title='bbox 734 624 965 684; x_wconf 77' lang='lat' dir='ltr'>PERSONARVM</span> <span class='ocrx_word' id='word_1_3' title='bbox 983 629 1246 690; x_wconf 72' lang='lat' dir='ltr'><strong>Dlsumssvrioua</strong></span> <span class='ocrx_word' id='word_1_4' title='bbox 1263 630 1300 686; x_wconf 82' lang='lat' dir='ltr'><strong>IN</strong></span> <span class='ocrx_word' id='word_1_5' title='bbox 1319 630 1437 685; x_wconf 73' lang='lat' dir='ltr'><strong>iaspis</strong></span> <span class='ocrx_word' id='word_1_6' title='bbox 1455 631 1564 685; x_wconf 74' lang='lat' dir='ltr'><strong>nuiss.</strong></span> <span class='ocrx_word' id='word_1_7' title='bbox 1655 633 1696 704; x_wconf 72' lang='lat'><strong>4&#39;1</strong></span> 
     </span>
    </p>
   </div>
   <div class='ocr_carea' id='block_1_2' title="bbox 535 800 1761 4684">
    <p class='ocr_par' dir='ltr' id='par_1_2' title="bbox 535 800 1761 4684">
     <span class='ocr_line' id='line_1_2' title="bbox 537 800 1698 892; baseline 0.004 -28"><span class='ocrx_word' id='word_1_8' title='bbox 537 800 661 866; x_wconf 81' lang='lat' dir='ltr'><strong>fuerint</strong></span> <span class='ocrx_word' id='word_1_9' title='bbox 677 800 904 879; x_wconf 54' lang='lat' dir='ltr'><strong>biliomenses,</strong></span> <span class='ocrx_word' id='word_1_10' title='bbox 932 802 987 892; x_wconf 81' lang='lat' dir='ltr'><strong>qui</strong></span> <span class='ocrx_word' id='word_1_11' title='bbox 1019 802 1163 868; x_wconf 85' lang='lat' dir='ltr'><strong>docendis</strong></span> <span class='ocrx_word' id='word_1_12' title='bbox 1196 804 1325 892; x_wconf 79' lang='lat' dir='ltr'><strong>canibus</strong></span> <span class='ocrx_word' id='word_1_13' title='bbox 1356 802 1540 872; x_wconf 76' lang='lat' dir='ltr'><strong>studebant?</strong></span> <span class='ocrx_word' id='word_1_14' title='bbox 1583 805 1698 882; x_wconf 81' lang='lat' dir='ltr'>Quidni</span> 
     </span>
     <span class='ocr_line' id='line_1_3' title="bbox 537 911 1697 1001; baseline 0.003 -23"><span class='ocrx_word' id='word_1_15' title='bbox 537 911 623 978; x_wconf 88' lang='lat' dir='ltr'><strong>illud</strong></span> <span class='ocrx_word' id='word_1_16' title='bbox 644 912 684 978; x_wconf 81' lang='grc' dir='ltr'><strong>αὖ</strong></span> <span class='ocrx_word' id='word_1_17' title='bbox 705 911 746 980; x_wconf 80' lang='grc' dir='ltr'><strong>αὖ</strong></span> <span class='ocrx_word' id='word_1_18' title='bbox 768 913 895 997; x_wconf 87' lang='lat' dir='ltr'><strong>abipso</strong></span> <span class='ocrx_word' id='word_1_19' title='bbox 918 933 993 978; x_wconf 89' lang='lat' dir='ltr'><strong>cane</strong></span> <span class='ocrx_word' id='word_1_20' title='bbox 1015 913 1275 997; x_wconf 81' lang='lat' dir='ltr'><strong>Cydatbsnaoensi</strong></span> <span class='ocrx_word' id='word_1_21' title='bbox 1297 914 1398 980; x_wconf 84' lang='lat' dir='ltr'><strong>emitti</strong></span> <span class='ocrx_word' id='word_1_22' title='bbox 1418 915 1570 1000; x_wconf 76' lang='lat' dir='ltr'><strong>potuerit?</strong></span> <span class='ocrx_word' id='word_1_23' title='bbox 1591 916 1697 1001; x_wconf 80' lang='lat' dir='ltr'>Neque</span> 
     </span>
     <span class='ocr_line' id='line_1_4' title="bbox 538 1024 1697 1111; baseline 0.005 -22"><span class='ocrx_word' id='word_1_24' title='bbox 538 1024 628 1089; x_wconf 86' lang='lat' dir='ltr'><strong>enirn</strong></span> <span class='ocrx_word' id='word_1_25' title='bbox 655 1033 815 1110; x_wconf 86' lang='lat' dir='ltr'><strong>propterea</strong></span> <span class='ocrx_word' id='word_1_26' title='bbox 840 1024 1144 1109; x_wconf 69' lang='lat' dir='ltr'><strong>paramoregematis,</strong></span> <span class='ocrx_word' id='word_1_27' title='bbox 1161 1025 1273 1091; x_wconf 83' lang='lat' dir='ltr'>honore</span> <span class='ocrx_word' id='word_1_28' title='bbox 1295 1046 1331 1089; x_wconf 88' lang='lat' dir='ltr'><strong>ao</strong></span> <span class='ocrx_word' id='word_1_29' title='bbox 1358 1026 1482 1091; x_wconf 90' lang='lat' dir='ltr'><strong>nomine</strong></span> <span class='ocrx_word' id='word_1_30' title='bbox 1509 1028 1621 1111; x_wconf 79' lang='lat' dir='ltr'><strong>dignus</strong></span> <span class='ocrx_word' id='word_1_31' title='bbox 1641 1035 1697 1109; x_wconf 75' lang='lat' dir='ltr'><strong>est,</strong></span> 
     </span>
     <span class='ocr_line' id='line_1_5' title="bbox 538 1136 1697 1227; baseline 0.003 -26"><span class='ocrx_word' id='word_1_32' title='bbox 538 1157 605 1221; x_wconf 91' lang='lat' dir='ltr'><strong>quo</strong></span> <span class='ocrx_word' id='word_1_33' title='bbox 627 1156 699 1202; x_wconf 88' lang='lat' dir='ltr'><strong>euru</strong></span> <span class='ocrx_word' id='word_1_34' title='bbox 720 1136 833 1203; x_wconf 80' lang='lat' dir='ltr'><strong>honore</strong></span> <span class='ocrx_word' id='word_1_35' title='bbox 855 1136 981 1203; x_wconf 89' lang='lat' dir='ltr'><strong>Boerius</strong></span> <span class='ocrx_word' id='word_1_36' title='bbox 1003 1142 1207 1221; x_wconf 77' lang='lat' dir='ltr'>prosequutus</span> <span class='ocrx_word' id='word_1_37' title='bbox 1229 1144 1284 1202; x_wconf 79' lang='lat' dir='ltr'><strong>est</strong></span> <span class='ocrx_word' id='word_1_38' title='bbox 1329 1138 1417 1202; x_wconf 81' lang='lat' dir='ltr'><strong>Certa</strong></span> <span class='ocrx_word' id='word_1_39' title='bbox 1436 1145 1623 1208; x_wconf 85' lang='lat' dir='ltr'><strong>sunt-canes</strong></span> <span class='ocrx_word' id='word_1_40' title='bbox 1641 1162 1697 1227; x_wconf 84' lang='lat' dir='ltr'><strong>pn·</strong></span> 
     </span>
     <span class='ocr_line' id='line_1_6' title="bbox 537 1247 1698 1335; baseline 0.001 -19"><span class='ocrx_word' id='word_1_41' title='bbox 537 1248 788 1331; x_wconf 80' lang='lat' dir='ltr'><strong>rachorogomata</strong></span> <span class='ocrx_word' id='word_1_42' title='bbox 808 1247 976 1332; x_wconf 84' lang='lat' dir='ltr'><strong>quaedam,</strong></span> <span class='ocrx_word' id='word_1_43' title='bbox 1004 1253 1042 1313; x_wconf 88' lang='lat' dir='ltr'><strong>ut</strong></span> <span class='ocrx_word' id='word_1_44' title='bbox 1066 1249 1139 1333; x_wconf 88' lang='lat' dir='ltr'><strong>eqni</strong></span> <span class='ocrx_word' id='word_1_45' title='bbox 1160 1254 1192 1314; x_wconf 85' lang='lat' dir='ltr'><strong>ot</strong></span> <span class='ocrx_word' id='word_1_46' title='bbox 1218 1249 1392 1335; x_wconf 81' lang='lat' dir='ltr'><strong>plaustrum</strong></span> <span class='ocrx_word' id='word_1_47' title='bbox 1411 1250 1447 1326; x_wconf 85' lang='lat' dir='ltr'><strong>in</strong></span> <span class='ocrx_word' id='word_1_48' title='bbox 1468 1252 1698 1333; x_wconf 78' lang='lat' dir='ltr'><strong>Agamemnone</strong></span> 
     </span>
     <span class='ocr_line' id='line_1_7' title="bbox 537 1358 1698 1456; baseline 0.001 -28"><span class='ocrx_word' id='word_1_49' title='bbox 537 1358 840 1456; x_wconf 63' lang='lat' dir='ltr'><strong>Aeschyli‚‚quippe</strong></span> <span class='ocrx_word' id='word_1_50' title='bbox 862 1379 954 1444; x_wconf 82' lang='lat' dir='ltr'><strong>quae,</strong></span> <span class='ocrx_word' id='word_1_51' title='bbox 976 1364 1013 1428; x_wconf 86' lang='lat' dir='ltr'><strong>ut</strong></span> <span class='ocrx_word' id='word_1_52' title='bbox 1033 1379 1139 1426; x_wconf 85' lang='lat' dir='ltr'><strong>omnes</strong></span> <span class='ocrx_word' id='word_1_53' title='bbox 1159 1361 1226 1430; x_wconf 91' lang='lat' dir='ltr'><strong>eius</strong></span> <span class='ocrx_word' id='word_1_54' title='bbox 1246 1362 1331 1427; x_wconf 85' lang='lat' dir='ltr'><strong>modi</strong></span> <span class='ocrx_word' id='word_1_55' title='bbox 1351 1382 1415 1443; x_wconf 88' lang='lat' dir='ltr'><strong>ree,</strong></span> <span class='ocrx_word' id='word_1_56' title='bbox 1437 1382 1457 1425; x_wconf 88' lang='lat' dir='ltr'><strong>a</strong></span> <span class='ocrx_word' id='word_1_57' title='bbox 1477 1363 1607 1446; x_wconf 75' lang='lat' dir='ltr'>chorago</span> <span class='ocrx_word' id='word_1_58' title='bbox 1627 1386 1698 1450; x_wconf 91' lang='lat' dir='ltr'><strong>pro·</strong></span> 
     </span>
     <span class='ocr_line' id='line_1_8' title="bbox 538 1472 1698 1569; baseline 0.004 -30"><span class='ocrx_word' id='word_1_59' title='bbox 538 1474 709 1553; x_wconf 81' lang='lat' dir='ltr'><strong>ducantur3</strong></span> <span class='ocrx_word' id='word_1_60' title='bbox 737 1478 950 1542; x_wconf 73' lang='lat' dir='ltr'><strong>verumtamen</strong></span> <span class='ocrx_word' id='word_1_61' title='bbox 970 1472 1099 1538; x_wconf 88' lang='lat' dir='ltr'><strong>Beerius</strong></span> <span class='ocrx_word' id='word_1_62' title='bbox 1120 1472 1249 1541; x_wconf 81' lang='lat' dir='ltr'><strong>ridicule</strong></span> <span class='ocrx_word' id='word_1_63' title='bbox 1270 1473 1348 1555; x_wconf 80' lang='lat' dir='ltr'><strong>egit,</strong></span> <span class='ocrx_word' id='word_1_64' title='bbox 1371 1473 1425 1557; x_wconf 92' lang='lat' dir='ltr'><strong>qni</strong></span> <span class='ocrx_word' id='word_1_65' title='bbox 1446 1475 1603 1558; x_wconf 86' lang='lat' dir='ltr'><strong>versibus,¹</strong></span> <span class='ocrx_word' id='word_1_66' title='bbox 1621 1498 1698 1569; x_wconf 83' lang='lat' dir='ltr'><strong>qnos</strong></span> 
     </span>
     <span class='ocr_line' id='line_1_9' title="bbox 538 1584 1697 1676; baseline 0.007 -24"><span class='ocrx_word' id='word_1_67' title='bbox 538 1585 695 1652; x_wconf 78' lang='lat' dir='ltr'><strong>Xanthias</strong></span> <span class='ocrx_word' id='word_1_68' title='bbox 714 1584 900 1676; x_wconf 85' lang='lat' dir='ltr'><strong>pronunciat</strong></span> <span class='ocrx_word' id='word_1_69' title='bbox 920 1605 974 1670; x_wconf 88' lang='lat' dir='ltr'><strong>pro</strong></span> <span class='ocrx_word' id='word_1_70' title='bbox 997 1605 1071 1649; x_wconf 84' lang='lat' dir='ltr'><strong>cana</strong></span> <span class='ocrx_word' id='word_1_71' title='bbox 1093 1590 1280 1663; x_wconf 68' lang='lat' dir='ltr'><strong>accusatore,</strong></span> <span class='ocrx_word' id='word_1_72' title='bbox 1308 1586 1473 1670; x_wconf 79' lang='lat' dir='ltr'><strong>praescribi</strong></span> <span class='ocrx_word' id='word_1_73' title='bbox 1499 1587 1585 1656; x_wconf 86' lang='lat' dir='ltr'><strong>iubet</strong></span> <span class='ocrx_word' id='word_1_74' title='bbox 1605 1590 1697 1660; x_wconf 69' lang='grc' dir='ltr'><strong>κύων.</strong></span> 
     </span>
     <span class='ocr_line' id='line_1_10' title="bbox 538 1695 1698 1785; baseline 0.003 -21"><span class='ocrx_word' id='word_1_75' title='bbox 538 1698 657 1764; x_wconf 86' lang='lat' dir='ltr'><strong>Eodem</strong></span> <span class='ocrx_word' id='word_1_76' title='bbox 678 1697 746 1762; x_wconf 90' lang='lat' dir='ltr'><strong>iure</strong></span> <span class='ocrx_word' id='word_1_77' title='bbox 760 1695 971 1779; x_wconf 86' lang='lat' dir='ltr'><strong>Bdolyoleonie</strong></span> <span class='ocrx_word' id='word_1_78' title='bbox 992 1716 1114 1785; x_wconf 91' lang='lat' dir='ltr'><strong>quoque</strong></span> <span class='ocrx_word' id='word_1_79' title='bbox 1128 1717 1241 1762; x_wconf 87' lang='lat' dir='ltr'><strong>nomen</strong></span> <span class='ocrx_word' id='word_1_80' title='bbox 1255 1697 1503 1766; x_wconf 77' lang='lat' dir='ltr'><strong>codere‘debebat</strong></span> <span class='ocrx_word' id='word_1_81' title='bbox 1516 1700 1606 1765; x_wconf 81' lang='lat' dir='ltr'><strong>alteri</strong></span> <span class='ocrx_word' id='word_1_82' title='bbox 1619 1701 1698 1768; x_wconf 79' lang='lat' dir='ltr'><strong>cani</strong></span> 
     </span>
     <span class='ocr_line' id='line_1_11' title="bbox 539 1808 1697 1897; baseline 0.005 -22"><span class='ocrx_word' id='word_1_83' title='bbox 539 1810 687 1875; x_wconf 84' lang='lat' dir='ltr'><strong>Ceterum</strong></span> <span class='ocrx_word' id='word_1_84' title='bbox 700 1808 920 1880; x_wconf 85' lang='lat' dir='ltr'><strong>Ravennatem.</strong></span> <span class='ocrx_word' id='word_1_85' title='bbox 932 1808 1020 1892; x_wconf 84' lang='lat' dir='ltr'><strong>sequi</strong></span> <span class='ocrx_word' id='word_1_86' title='bbox 1041 1809 1074 1872; x_wconf 93' lang='lat' dir='ltr'><strong>in</strong></span> <span class='ocrx_word' id='word_1_87' title='bbox 1097 1808 1317 1873; x_wconf 80' lang='lat' dir='ltr'><strong>distribuendis</strong></span> <span class='ocrx_word' id='word_1_88' title='bbox 1333 1811 1470 1895; x_wconf 85' lang='lat' dir='ltr'><strong>personis</strong></span> <span class='ocrx_word' id='word_1_89' title='bbox 1484 1812 1697 1897; x_wconf 84' lang='lat' dir='ltr'><strong>periculosam</strong></span> 
     </span>
     <span class='ocr_line' id='line_1_12' title="bbox 539 1918 1697 2009; baseline 0.003 -21"><span class='ocrx_word' id='word_1_90' title='bbox 539 1923 618 2005; x_wconf 85' lang='lat' dir='ltr'><strong>Qui,</strong></span> <span class='ocrx_word' id='word_1_91' title='bbox 647 1920 767 1986; x_wconf 86' lang='lat' dir='ltr'><strong>utalia</strong></span> <span class='ocrx_word' id='word_1_92' title='bbox 786 1918 891 1990; x_wconf 84' lang='lat' dir='ltr'><strong>mulia</strong></span> <span class='ocrx_word' id='word_1_93' title='bbox 907 1919 1001 1986; x_wconf 86' lang='lat' dir='ltr'><strong>habet</strong></span> <span class='ocrx_word' id='word_1_94' title='bbox 1020 1920 1113 2002; x_wconf 75' lang='lat' dir='ltr'><strong>usa,</strong></span> <span class='ocrx_word' id='word_1_95' title='bbox 1134 1942 1161 1984; x_wconf 85' lang='lat' dir='ltr'><strong>o.</strong></span> <span class='ocrx_word' id='word_1_96' title='bbox 1184 1940 1212 2001; x_wconf 75' lang='lat' dir='ltr'><strong>g,</strong></span> <span class='ocrx_word' id='word_1_97' title='bbox 1234 1921 1338 1995; x_wconf 84' lang='lat' dir='ltr'><strong>versui</strong></span> <span class='ocrx_word' id='word_1_98' title='bbox 1360 1922 1438 1999; x_wconf 77' lang='lat'><strong>962,</strong></span> <span class='ocrx_word' id='word_1_99' title='bbox 1465 1923 1520 2006; x_wconf 89' lang='lat' dir='ltr'><strong>qni</strong></span> <span class='ocrx_word' id='word_1_100' title='bbox 1541 1930 1645 2009; x_wconf 81' lang='lat' dir='ltr'><strong>aperie</strong></span> <span class='ocrx_word' id='word_1_101' title='bbox 1666 1934 1697 1992; x_wconf 83' lang='lat' dir='ltr'><strong>et</strong></span> 
     </span>
     <span class='ocr_line' id='line_1_13' title="bbox 539 2031 1696 2121; baseline 0.003 -22"><span class='ocrx_word' id='word_1_102' title='bbox 539 2031 647 2121; x_wconf 90' lang='lat' dir='ltr'><strong>prnoul</strong></span> <span class='ocrx_word' id='word_1_103' title='bbox 670 2033 763 2099; x_wconf 90' lang='lat' dir='ltr'><strong>dubio</strong></span> <span class='ocrx_word' id='word_1_104' title='bbox 778 2032 988 2116; x_wconf 87' lang='lat' dir='ltr'><strong>Bdalyolaonis</strong></span> <span class='ocrx_word' id='word_1_105' title='bbox 1004 2040 1052 2096; x_wconf 88' lang='lat' dir='ltr'><strong>est</strong></span> <span class='ocrx_word' id='word_1_106' title='bbox 1066 2033 1241 2119; x_wconf 85' lang='lat' dir='ltr'><strong>defensoris,</strong></span> <span class='ocrx_word' id='word_1_107' title='bbox 1262 2035 1439 2118; x_wconf 81' lang='lat' dir='ltr'><strong>praeposuit</strong></span> <span class='ocrx_word' id='word_1_108' title='bbox 1459 2036 1507 2113; x_wconf 79' lang='lat' dir='ltr'><strong>ab,</strong></span> <span class='ocrx_word' id='word_1_109' title='bbox 1529 2042 1583 2101; x_wconf 87' lang='lat' dir='ltr'><strong>ant</strong></span> <span class='ocrx_word' id='word_1_110' title='bbox 1604 2038 1696 2116; x_wconf 78' lang='grc' dir='ltr'><strong>κύων,</strong></span> 
     </span>
     <span class='ocr_line' id='line_1_14' title="bbox 542 2144 1696 2240; baseline 0.003 -30"><span class='ocrx_word' id='word_1_111' title='bbox 542 2145 623 2230; x_wconf 89' lang='lat' dir='ltr'><strong>quod</strong></span> <span class='ocrx_word' id='word_1_112' title='bbox 645 2145 834 2228; x_wconf 79' lang='lat' dir='ltr'><strong>significaret</strong></span> <span class='ocrx_word' id='word_1_113' title='bbox 855 2144 1000 2208; x_wconf 85' lang='lat' dir='ltr'><strong>Lebetem</strong></span> <span class='ocrx_word' id='word_1_114' title='bbox 1021 2164 1123 2225; x_wconf 81' lang='lat' dir='ltr'><strong>reum,</strong></span> <span class='ocrx_word' id='word_1_115' title='bbox 1151 2145 1222 2211; x_wconf 82' lang='lat' dir='ltr'><strong>i..e.</strong></span> <span class='ocrx_word' id='word_1_116' title='bbox 1244 2144 1477 2240; x_wconf 73' lang='lat' dir='ltr'><strong>Bdelycleonom</strong></span> <span class='ocrx_word' id='word_1_117' title='bbox 1499 2146 1696 2231; x_wconf 81' lang='lat' dir='ltr'><strong>defensorem,</strong></span> 
     </span>
     <span class='ocr_line' id='line_1_15' title="bbox 542 2255 1697 2344; baseline 0.007 -22"><span class='ocrx_word' id='word_1_118' title='bbox 542 2264 599 2330; x_wconf 84' lang='lat' dir='ltr'><strong>aut</strong></span> <span class='ocrx_word' id='word_1_119' title='bbox 624 2258 862 2343; x_wconf 72' lang='grc' dir='ltr'>κυδαθηναιιύς,</span> <span class='ocrx_word' id='word_1_120' title='bbox 890 2256 971 2340; x_wconf 88' lang='lat' dir='ltr'><strong>quod</strong></span> <span class='ocrx_word' id='word_1_121' title='bbox 999 2255 1189 2322; x_wconf 77' lang='lat' dir='ltr'><strong>falsum-est.</strong></span> <span class='ocrx_word' id='word_1_122' title='bbox 1232 2257 1326 2322; x_wconf 86' lang='lat' dir='ltr'><strong>Porro</strong></span> <span class='ocrx_word' id='word_1_123' title='bbox 1348 2278 1455 2326; x_wconf 72' lang='lat' dir='ltr'><strong>,nonne</strong></span> <span class='ocrx_word' id='word_1_124' title='bbox 1476 2258 1697 2344; x_wconf 83' lang='lat' dir='ltr'><strong>lepidissimam</strong></span> 
     </span>
     <span class='ocr_line' id='line_1_16' title="bbox 540 2348 1698 2457; baseline 0.003 -23"><span class='ocrx_word' id='word_1_125' title='bbox 540 2390 653 2436; x_wconf 86' lang='lat' dir='ltr'><strong>causae</strong></span> <span class='ocrx_word' id='word_1_126' title='bbox 680 2368 835 2451; x_wconf 78' lang='lat' dir='ltr'><strong>legitimas</strong></span> <span class='ocrx_word' id='word_1_127' title='bbox 867 2368 961 2434; x_wconf 87' lang='lat' dir='ltr'><strong>habes</strong></span> <span class='ocrx_word' id='word_1_128' title='bbox 993 2348 1182 2451; x_wconf 77' lang='lat' dir='ltr'><strong>imaginem?</strong></span> <span class='ocrx_word' id='word_1_129' title='bbox 1225 2370 1324 2447; x_wconf 81' lang='lat' dir='ltr'><strong>Quam</strong></span> <span class='ocrx_word' id='word_1_130' title='bbox 1351 2391 1440 2457; x_wconf 85' lang='lat' dir='ltr'><strong>saepe</strong></span> <span class='ocrx_word' id='word_1_131' title='bbox 1467 2371 1551 2436; x_wconf 89' lang='lat' dir='ltr'><strong>enim</strong></span> <span class='ocrx_word' id='word_1_132' title='bbox 1578 2373 1698 2451; x_wconf 86' lang='lat' dir='ltr'><strong>fit‚·nt</strong></span> 
     </span>
     <span class='ocr_line' id='line_1_17' title="bbox 539 2481 1697 2574; baseline 0.005 -27"><span class='ocrx_word' id='word_1_133' title='bbox 539 2501 644 2567; x_wconf 85' lang='lat' dir='ltr'><strong>nequo</strong></span> <span class='ocrx_word' id='word_1_134' title='bbox 653 2487 811 2550; x_wconf 85' lang='lat' dir='ltr'><strong>accusator</strong></span> <span class='ocrx_word' id='word_1_135' title='bbox 825 2501 924 2565; x_wconf 88' lang='lat' dir='ltr'><strong>neque</strong></span> <span class='ocrx_word' id='word_1_136' title='bbox 939 2501 1010 2546; x_wconf 87' lang='lat' dir='ltr'><strong>reus</strong></span> <span class='ocrx_word' id='word_1_137' title='bbox 1024 2481 1118 2547; x_wconf 79' lang='lat' dir='ltr'><strong>verba</strong></span> <span class='ocrx_word' id='word_1_138' title='bbox 1131 2501 1233 2547; x_wconf 87' lang='lat' dir='ltr'><strong>coram</strong></span> <span class='ocrx_word' id='word_1_139' title='bbox 1247 2482 1538 2574; x_wconf 83' lang='lat' dir='ltr'><strong>iudicibusiaciant,</strong></span> <span class='ocrx_word' id='word_1_140' title='bbox 1555 2485 1697 2564; x_wconf 83' lang='lat' dir='ltr'><strong>maxime,</strong></span> 
     </span>
     <span class='ocr_line' id='line_1_18' title="bbox 540 2592 1697 2681; baseline 0.006 -24"><span class='ocrx_word' id='word_1_141' title='bbox 540 2615 642 2679; x_wconf 89' lang='lat' dir='ltr'><strong>quum</strong></span> <span class='ocrx_word' id='word_1_142' title='bbox 662 2594 756 2660; x_wconf 92' lang='lat' dir='ltr'><strong>verba</strong></span> <span class='ocrx_word' id='word_1_143' title='bbox 775 2594 880 2662; x_wconf 83' lang='lat' dir='ltr'><strong>facero</strong></span> <span class='ocrx_word' id='word_1_144' title='bbox 896 2613 959 2658; x_wconf 90' lang='lat' dir='ltr'><strong>non</strong></span> <span class='ocrx_word' id='word_1_145' title='bbox 981 2592 1160 2659; x_wconf 76' lang='lat' dir='ltr'><strong>didicerint!</strong></span> <span class='ocrx_word' id='word_1_146' title='bbox 1197 2596 1307 2672; x_wconf 85' lang='lat' dir='ltr'><strong>Quam·</strong></span> <span class='ocrx_word' id='word_1_147' title='bbox 1324 2602 1395 2681; x_wconf 85' lang='lat' dir='ltr'><strong>apte</strong></span> <span class='ocrx_word' id='word_1_148' title='bbox 1422 2614 1528 2662; x_wconf 82' lang='lat' dir='ltr'><strong>rursus</strong></span> <span class='ocrx_word' id='word_1_149' title='bbox 1555 2594 1631 2662; x_wconf 73' lang='lat' dir='ltr'><strong>cum&#39;</strong></span> <span class='ocrx_word' id='word_1_150' title='bbox 1646 2619 1697 2664; x_wconf 90' lang='lat' dir='ltr'><strong>ca·</strong></span> 
     </span>
     <span class='ocr_line' id='line_1_19' title="bbox 539 2706 1697 2796; baseline -0.001 -19"><span class='ocrx_word' id='word_1_151' title='bbox 539 2707 872 2796; x_wconf 21' lang='lat' dir='ltr'><strong>nium-comparantur</strong></span> <span class='ocrx_word' id='word_1_152' title='bbox 892 2706 1060 2789; x_wconf 79' lang='lat' dir='ltr'><strong>litigantes,</strong></span> <span class='ocrx_word' id='word_1_153' title='bbox 1082 2706 1137 2789; x_wconf 92' lang='lat' dir='ltr'><strong>qni</strong></span> <span class='ocrx_word' id='word_1_154' title='bbox 1158 2712 1313 2777; x_wconf 85' lang='lat' dir='ltr'><strong>oratorum</strong></span> <span class='ocrx_word' id='word_1_155' title='bbox 1334 2728 1395 2793; x_wconf 65' lang='lat' dir='ltr'><strong>ope.</strong></span> <span class='ocrx_word' id='word_1_156' title='bbox 1412 2709 1556 2775; x_wconf 89' lang='lat' dir='ltr'><strong>nituntur</strong></span> <span class='ocrx_word' id='word_1_157' title='bbox 1577 2716 1608 2776; x_wconf 89' lang='lat' dir='ltr'><strong>et</strong></span> <span class='ocrx_word' id='word_1_158' title='bbox 1624 2731 1697 2776; x_wconf 92' lang='lat' dir='ltr'><strong>oon·</strong></span> 
     </span>
     <span class='ocr_line' id='line_1_20' title="bbox 539 2816 1698 2905; baseline 0.001 -19"><span class='ocrx_word' id='word_1_159' title='bbox 539 2819 660 2886; x_wconf 77' lang='lat' dir='ltr'><strong>fidunt!</strong></span> <span class='ocrx_word' id='word_1_160' title='bbox 680 2818 857 2902; x_wconf 32' lang='lat' dir='ltr'><strong>*Itaque</strong></span> <span class='ocrx_word' id='word_1_161' title='bbox 881 2818 914 2884; x_wconf 93' lang='lat' dir='ltr'><strong>in</strong></span> <span class='ocrx_word' id='word_1_162' title='bbox 940 2839 1033 2882; x_wconf 85' lang='lat' dir='ltr'><strong>scene</strong></span> <span class='ocrx_word' id='word_1_163' title='bbox 1059 2816 1115 2882; x_wconf 90' lang='lat' dir='ltr'><strong>illa</strong></span> <span class='ocrx_word' id='word_1_164' title='bbox 1141 2838 1160 2881; x_wconf 93' lang='lat' dir='ltr'><strong>a</strong></span> <span class='ocrx_word' id='word_1_165' title='bbox 1187 2820 1303 2886; x_wconf 67' lang='lat' dir='ltr'><strong>asoa</strong></span> <span class='ocrx_word' id='word_1_166' title='bbox 1330 2820 1369 2883; x_wconf 90' lang='lat' dir='ltr'><strong>ad</strong></span> <span class='ocrx_word' id='word_1_167' title='bbox 1392 2820 1698 2905; x_wconf 74' lang='lat' dir='ltr'><strong>.v..1008quanu01</strong></span> 
     </span>
     <span class='ocr_line' id='line_1_21' title="bbox 539 2929 1697 3015; baseline 0.003 -19"><span class='ocrx_word' id='word_1_168' title='bbox 539 2937 640 3015; x_wconf 78' lang='lat' dir='ltr'><strong>agunt</strong></span> <span class='ocrx_word' id='word_1_169' title='bbox 682 2937 815 3013; x_wconf 84' lang='lat' dir='ltr'><strong>actores,</strong></span> <span class='ocrx_word' id='word_1_170' title='bbox 842 2930 972 3000; x_wconf 61' lang='lat' dir='ltr'><strong>,seilicet</strong></span> <span class='ocrx_word' id='word_1_171' title='bbox 1009 2929 1229 3008; x_wconf 89' lang='lat' dir='ltr'><strong>Philocleonis,</strong></span> <span class='ocrx_word' id='word_1_172' title='bbox 1266 2931 1494 3015; x_wconf 83' lang='lat' dir='ltr'><strong>Bdelyoleonis‚</strong></span> <span class='ocrx_word' id='word_1_173' title='bbox 1517 2934 1697 3013; x_wconf 45' lang='lat' dir='ltr'><strong>rxsnthinop</strong></span> 
     </span>
     <span class='ocr_line' id='line_1_22' title="bbox 540 3041 1698 3129; baseline 0.002 -19"><span class='ocrx_word' id='word_1_174' title='bbox 540 3044 648 3116; x_wconf 73' lang='lat' dir='ltr'><strong>Sosiae</strong></span> <span class='ocrx_word' id='word_1_175' title='bbox 679 3043 983 3129; x_wconf 76' lang='lat' dir='ltr'><strong>parochorogematis.</strong></span> <span class='ocrx_word' id='word_1_176' title='bbox 1037 3041 1190 3127; x_wconf 80' lang='lat' dir='ltr'><strong>Namque.</strong></span> <span class='ocrx_word' id='word_1_177' title='bbox 1209 3041 1288 3108; x_wconf 88' lang='lat' dir='ltr'><strong>illud</strong></span> <span class='ocrx_word' id='word_1_178' title='bbox 1318 3063 1440 3128; x_wconf 86' lang='lat' dir='ltr'><strong>quoque</strong></span> <span class='ocrx_word' id='word_1_179' title='bbox 1472 3046 1698 3112; x_wconf 83' lang='lat' dir='ltr'><strong>animadvertas</strong></span> 
     </span>
     <span class='ocr_line' id='line_1_23' title="bbox 539 3155 1698 3244; baseline 0.003 -24"><span class='ocrx_word' id='word_1_180' title='bbox 539 3155 653 3237; x_wconf 84' lang='lat' dir='ltr'><strong>velim,</strong></span> <span class='ocrx_word' id='word_1_181' title='bbox 669 3176 774 3244; x_wconf 22' lang='lat' dir='ltr'><strong>&#39;quam</strong></span> <span class='ocrx_word' id='word_1_182' title='bbox 795 3155 838 3220; x_wconf 91' lang='lat' dir='ltr'><strong>sit</strong></span> <span class='ocrx_word' id='word_1_183' title='bbox 857 3176 967 3240; x_wconf 88' lang='lat' dir='ltr'><strong>parum</strong></span> <span class='ocrx_word' id='word_1_184' title='bbox 982 3160 1247 3237; x_wconf 66' lang='lat' dir='ltr'><strong>ammomum·</strong></span> <span class='ocrx_word' id='word_1_185' title='bbox 1265 3159 1399 3220; x_wconf 87' lang='lat' dir='ltr'><strong>actorem</strong></span> <span class='ocrx_word' id='word_1_186' title='bbox 1420 3163 1580 3241; x_wconf 86' lang='lat' dir='ltr'><strong>quartum,</strong></span> <span class='ocrx_word' id='word_1_187' title='bbox 1603 3159 1658 3223; x_wconf 91' lang='lat' dir='ltr'><strong>ubi</strong></span> <span class='ocrx_word' id='word_1_188' title='bbox 1674 3182 1698 3224; x_wconf 85' lang='lat' dir='ltr'><strong>a</strong></span> 
     </span>
     <span class='ocr_line' id='line_1_24' title="bbox 539 3266 1698 3353; baseline 0.004 -20"><span class='ocrx_word' id='word_1_189' title='bbox 539 3268 672 3350; x_wconf 80' lang='lat' dir='ltr'><strong>chorago</strong></span> <span class='ocrx_word' id='word_1_190' title='bbox 692 3268 882 3353; x_wconf 82' lang='lat' dir='ltr'><strong>impetratus</strong></span> <span class='ocrx_word' id='word_1_191' title='bbox 895 3274 958 3349; x_wconf 84' lang='lat' dir='ltr'><strong>est,</strong></span> <span class='ocrx_word' id='word_1_192' title='bbox 980 3288 1073 3352; x_wconf 90' lang='lat' dir='ltr'><strong>quam</strong></span> <span class='ocrx_word' id='word_1_193' title='bbox 1095 3267 1232 3352; x_wconf 81' lang='lat' dir='ltr'><strong>primurn</strong></span> <span class='ocrx_word' id='word_1_194' title='bbox 1258 3266 1308 3334; x_wconf 84' lang='lat' dir='ltr'><strong>vol</strong></span> <span class='ocrx_word' id='word_1_195' title='bbox 1339 3267 1434 3340; x_wconf 77' lang='lat' dir='ltr'><strong>nimis</strong></span> <span class='ocrx_word' id='word_1_196' title='bbox 1462 3269 1553 3334; x_wconf 86' lang='lat' dir='ltr'><strong>anxie</strong></span> <span class='ocrx_word' id='word_1_197' title='bbox 1574 3288 1698 3338; x_wconf 86' lang='lat' dir='ltr'><strong>scenam</strong></span> 
     </span>
     <span class='ocr_line' id='line_1_25' title="bbox 539 3379 1697 3466; baseline 0.001 -20"><span class='ocrx_word' id='word_1_198' title='bbox 539 3379 714 3463; x_wconf 81' lang='lat' dir='ltr'><strong>relinquere</strong></span> <span class='ocrx_word' id='word_1_199' title='bbox 730 3380 868 3453; x_wconf 65' lang='lat' dir='ltr'><strong>iubere„</strong></span> <span class='ocrx_word' id='word_1_200' title='bbox 896 3379 1157 3463; x_wconf 76' lang='lat' dir='ltr'><strong>Paracboregema</strong></span> <span class='ocrx_word' id='word_1_201' title='bbox 1182 3379 1414 3462; x_wconf 69' lang='lat' dir='ltr'><strong>igiturscsiao</strong></span> <span class='ocrx_word' id='word_1_202' title='bbox 1430 3391 1526 3466; x_wconf 81' lang='lat' dir='ltr'><strong>q&#39;nnrn</strong></span> <span class='ocrx_word' id='word_1_203' title='bbox 1548 3382 1586 3446; x_wconf 89' lang='lat' dir='ltr'><strong>ab</strong></span> <span class='ocrx_word' id='word_1_204' title='bbox 1607 3382 1697 3448; x_wconf 82' lang='lat' dir='ltr'><strong>initio</strong></span> 
     </span>
     <span class='ocr_line' id='line_1_26' title="bbox 538 3492 1761 3582; baseline 0.002 -24"><span class='ocrx_word' id='word_1_205' title='bbox 538 3493 644 3573; x_wconf 69' lang='lat' dir='ltr'><strong>fuerit,</strong></span> <span class='ocrx_word' id='word_1_206' title='bbox 666 3492 816 3582; x_wconf 75' lang='lat' dir='ltr'><strong>mansisse</strong></span> <span class='ocrx_word' id='word_1_207' title='bbox 831 3493 926 3558; x_wconf 85' lang='lat' dir='ltr'><strong>otiam</strong></span> <span class='ocrx_word' id='word_1_208' title='bbox 939 3492 1193 3577; x_wconf 83' lang='lat' dir='ltr'><strong>parochoregoma</strong></span> <span class='ocrx_word' id='word_1_209' title='bbox 1206 3498 1299 3577; x_wconf 88' lang='lat' dir='ltr'><strong>atquc</strong></span> <span class='ocrx_word' id='word_1_210' title='bbox 1319 3493 1374 3559; x_wconf 88' lang='lat' dir='ltr'><strong>ubi</strong></span> <span class='ocrx_word' id='word_1_211' title='bbox 1395 3514 1443 3582; x_wconf 89' lang='lat' dir='ltr'><strong>res</strong></span> <span class='ocrx_word' id='word_1_212' title='bbox 1465 3493 1641 3578; x_wconf 83' lang='lat' dir='ltr'><strong>postulavit,</strong></span> <span class='ocrx_word' id='word_1_213' title='bbox 1663 3495 1696 3560; x_wconf 94' lang='lat' dir='ltr'><strong>in</strong></span> <span class='ocrx_word' id='word_1_214' title='bbox 1755 3531 1761 3539; x_wconf 67' lang='lat'><em>›</em></span> 
     </span>
     <span class='ocr_line' id='line_1_27' title="bbox 539 3604 1697 3691; baseline 0.004 -22"><span class='ocrx_word' id='word_1_215' title='bbox 539 3625 665 3691; x_wconf 84' lang='lat' dir='ltr'><strong>soonam</strong></span> <span class='ocrx_word' id='word_1_216' title='bbox 686 3604 834 3690; x_wconf 85' lang='lat' dir='ltr'><strong>prodiisse</strong></span> <span class='ocrx_word' id='word_1_217' title='bbox 861 3605 1066 3672; x_wconf 78' lang='lat' dir='ltr'><strong>nouissimum</strong></span> <span class='ocrx_word' id='word_1_218' title='bbox 1093 3604 1180 3670; x_wconf 91' lang='lat' dir='ltr'><strong>dnoo.</strong></span> <span class='ocrx_word' id='word_1_219' title='bbox 1224 3605 1306 3681; x_wconf 85' lang='lat' dir='ltr'><strong>Quin</strong></span> <span class='ocrx_word' id='word_1_220' title='bbox 1333 3605 1428 3673; x_wconf 86' lang='lat' dir='ltr'><strong>etiarn</strong></span> <span class='ocrx_word' id='word_1_221' title='bbox 1449 3606 1617 3674; x_wconf 87' lang='lat' dir='ltr'><strong>Horatiano</strong></span> <span class='ocrx_word' id='word_1_222' title='bbox 1643 3608 1697 3674; x_wconf 87' lang='lat' dir='ltr'><strong>isti</strong></span> 
     </span>
     <span class='ocr_line' id='line_1_28' title="bbox 538 3716 1698 3805; baseline 0.003 -23"><span class='ocrx_word' id='word_1_223' title='bbox 538 3722 712 3805; x_wconf 85' lang='lat' dir='ltr'><strong>praecepto.</strong></span> <span class='ocrx_word' id='word_1_224' title='bbox 723 3716 843 3800; x_wconf 75' lang='lat' dir='ltr'><strong>egregie</strong></span> <span class='ocrx_word' id='word_1_225' title='bbox 863 3717 941 3782; x_wconf 84' lang='lat' dir='ltr'><strong>satis</strong></span> <span class='ocrx_word' id='word_1_226' title='bbox 954 3718 998 3781; x_wconf 83' lang='lat' dir='ltr'><strong>iit.</strong></span> <span class='ocrx_word' id='word_1_227' title='bbox 1013 3785 1016 3789; x_wconf 72' lang='grc'><strong><em>,</em></strong></span> <span class='ocrx_word' id='word_1_228' title='bbox 1035 3716 1148 3797; x_wconf 76' lang='lat' dir='ltr'><strong>Sosiae,</strong></span> <span class='ocrx_word' id='word_1_229' title='bbox 1171 3716 1225 3781; x_wconf 92' lang='lat' dir='ltr'><strong>ubi</strong></span> <span class='ocrx_word' id='word_1_230' title='bbox 1239 3717 1391 3786; x_wconf 83' lang='lat' dir='ltr'><strong>Xanthias</strong></span> <span class='ocrx_word' id='word_1_231' title='bbox 1411 3720 1538 3794; x_wconf 85' lang='lat' dir='ltr'><strong>accessit</strong></span> <span class='ocrx_word' id='word_1_232' title='bbox 1551 3719 1608 3790; x_wconf 80' lang='lat' dir='ltr'><strong>¹uel</strong></span> <span class='ocrx_word' id='word_1_233' title='bbox 1622 3721 1698 3786; x_wconf 85' lang='lat' dir='ltr'><strong>satis</strong></span> 
     </span>
     <span class='ocr_line' id='line_1_29' title="bbox 538 3827 1697 3918; baseline 0.003 -24"><span class='ocrx_word' id='word_1_234' title='bbox 538 3830 640 3912; x_wconf 80' lang='lat' dir='ltr'><strong>longo.</strong></span> <span class='ocrx_word' id='word_1_235' title='bbox 653 3834 788 3914; x_wconf 84' lang='lat' dir='ltr'><strong>temporo</strong></span> <span class='ocrx_word' id='word_1_236' title='bbox 811 3833 883 3894; x_wconf 84' lang='lat' dir='ltr'><strong>ante</strong></span> <span class='ocrx_word' id='word_1_237' title='bbox 904 3827 1125 3913; x_wconf 15' lang='lat' dir='ltr'><strong>nonsloqnitur</strong></span> <span class='ocrx_word' id='word_1_238' title='bbox 1146 3828 1294 3914; x_wconf 87' lang='lat' dir='ltr'><strong>amplius,</strong></span> <span class='ocrx_word' id='word_1_239' title='bbox 1316 3830 1507 3916; x_wconf 84' lang='lat' dir='ltr'><strong>mirificeque</strong></span> <span class='ocrx_word' id='word_1_240' title='bbox 1526 3833 1571 3896; x_wconf 87' lang='lat' dir='ltr'><strong>ita</strong></span> <span class='ocrx_word' id='word_1_241' title='bbox 1590 3832 1697 3918; x_wconf 90' lang='lat' dir='ltr'><strong>populi</strong></span> 
     </span>
     <span class='ocr_line' id='line_1_30' title="bbox 538 3940 1695 4029; baseline 0.002 -23"><span class='ocrx_word' id='word_1_242' title='bbox 538 3940 696 4008; x_wconf 84' lang='lat' dir='ltr'><strong>audientis</strong></span> <span class='ocrx_word' id='word_1_243' title='bbox 717 3946 841 4011; x_wconf 83' lang='lat' dir='ltr'><strong>tantum</strong></span> <span class='ocrx_word' id='word_1_244' title='bbox 863 3942 1080 4027; x_wconf 76' lang='lat' dir='ltr'><strong>etspectantis</strong></span> <span class='ocrx_word' id='word_1_245' title='bbox 1095 3947 1133 4008; x_wconf 72' lang='lat' dir='ltr'><strong>:et</strong></span> <span class='ocrx_word' id='word_1_246' title='bbox 1147 3942 1351 4026; x_wconf 85' lang='lat' dir='ltr'><strong>exspectantis</strong></span> <span class='ocrx_word' id='word_1_247' title='bbox 1373 3942 1454 4007; x_wconf 87' lang='lat' dir='ltr'><strong>vices</strong></span> <span class='ocrx_word' id='word_1_248' title='bbox 1469 3945 1606 4029; x_wconf 90' lang='lat' dir='ltr'><strong>suscipit.</strong></span> <span class='ocrx_word' id='word_1_249' title='bbox 1638 3944 1695 4022; x_wconf 86' lang='lat' dir='ltr'><strong>En,</strong></span> 
     </span>
     <span class='ocr_line' id='line_1_31' title="bbox 537 4052 1695 4140; baseline 0.002 -22"><span class='ocrx_word' id='word_1_250' title='bbox 537 4054 567 4118; x_wconf 88' lang='lat' dir='ltr'><strong>si</strong></span> <span class='ocrx_word' id='word_1_251' title='bbox 589 4073 687 4119; x_wconf 47' lang='lat' dir='ltr'><strong>canes&gt;</strong></span> <span class='ocrx_word' id='word_1_252' title='bbox 702 4052 797 4122; x_wconf 81' lang='lat' dir='ltr'><strong>inisse</strong></span> <span class='ocrx_word' id='word_1_253' title='bbox 818 4053 853 4117; x_wconf 93' lang='lat' dir='ltr'><strong>in</strong></span> <span class='ocrx_word' id='word_1_254' title='bbox 873 4073 966 4118; x_wconf 88' lang='lat' dir='ltr'><strong>scona</strong></span> <span class='ocrx_word' id='word_1_255' title='bbox 986 4055 1163 4140; x_wconf 81' lang='lat' dir='ltr'><strong>conspicuos</strong></span> <span class='ocrx_word' id='word_1_256' title='bbox 1185 4061 1216 4119; x_wconf 90' lang='lat' dir='ltr'><strong>et</strong></span> <span class='ocrx_word' id='word_1_257' title='bbox 1235 4060 1392 4120; x_wconf 87' lang='lat' dir='ltr'><strong>currentes</strong></span> <span class='ocrx_word' id='word_1_258' title='bbox 1413 4062 1444 4120; x_wconf 83' lang='lat' dir='ltr'><strong>et</strong></span> <span class='ocrx_word' id='word_1_259' title='bbox 1460 4055 1607 4120; x_wconf 88' lang='lat' dir='ltr'><strong>latrantes</strong></span> <span class='ocrx_word' id='word_1_260' title='bbox 1621 4054 1695 4120; x_wconf 85' lang='lat' dir='ltr'><strong>den·</strong></span> 
     </span>
     <span class='ocr_line' id='line_1_32' title="bbox 537 4166 1696 4255; baseline 0.003 -25"><span class='ocrx_word' id='word_1_261' title='bbox 537 4166 887 4255; x_wconf 71' lang='lat' dir='ltr'><strong>coequarestringentes</strong></span> <span class='ocrx_word' id='word_1_262' title='bbox 908 4172 940 4230; x_wconf 88' lang='lat' dir='ltr'><strong>et</strong></span> <span class='ocrx_word' id='word_1_263' title='bbox 960 4167 1096 4234; x_wconf 82' lang='lat' dir='ltr'><strong>caudam¹</strong></span> <span class='ocrx_word' id='word_1_264' title='bbox 1113 4174 1283 4245; x_wconf 83' lang='lat' dir='ltr'><strong>moventes,</strong></span> <span class='ocrx_word' id='word_1_265' title='bbox 1305 4188 1354 4232; x_wconf 80' lang='lat' dir='ltr'><strong>res</strong></span> <span class='ocrx_word' id='word_1_266' title='bbox 1375 4168 1442 4251; x_wconf 90' lang='lat' dir='ltr'><strong>ipsa</strong></span> <span class='ocrx_word' id='word_1_267' title='bbox 1455 4168 1611 4253; x_wconf 82' lang='lat' dir='ltr'><strong>postulat,</strong></span> <span class='ocrx_word' id='word_1_268' title='bbox 1634 4176 1696 4234; x_wconf 76' lang='lat' dir='ltr'><strong>nea</strong></span> 
     </span>
     <span class='ocr_line' id='line_1_33' title="bbox 537 4264 1695 4367; baseline 0.003 -26"><span class='ocrx_word' id='word_1_269' title='bbox 537 4297 611 4359; x_wconf 83' lang='lat' dir='ltr'><strong>ergo</strong></span> <span class='ocrx_word' id='word_1_270' title='bbox 633 4281 758 4359; x_wconf 82' lang='lat' dir='ltr'><strong>actores,</strong></span> <span class='ocrx_word' id='word_1_271' title='bbox 781 4264 1067 4367; x_wconf 82' lang='lat' dir='ltr'><strong>paraoborogemata</strong></span> <span class='ocrx_word' id='word_1_272' title='bbox 1087 4280 1164 4345; x_wconf 83' lang='lat' dir='ltr'><strong>trial</strong></span> <span class='ocrx_word' id='word_1_273' title='bbox 1186 4317 1228 4326; x_wconf 89' lang='lat'>—</span> <span class='ocrx_word' id='word_1_274' title='bbox 1250 4279 1332 4344; x_wconf 84' lang='lat' dir='ltr'><strong>Satis</strong></span> <span class='ocrx_word' id='word_1_275' title='bbox 1354 4277 1392 4343; x_wconf 91' lang='lat' dir='ltr'><strong>de</strong></span> <span class='ocrx_word' id='word_1_276' title='bbox 1413 4279 1584 4361; x_wconf 73' lang='lat' dir='ltr'><strong>lracsoena,</strong></span> <span class='ocrx_word' id='word_1_277' title='bbox 1606 4279 1695 4346; x_wconf 88' lang='lat' dir='ltr'><strong>modo</strong></span> 
     </span>
     <span class='ocr_line' id='line_1_34' title="bbox 536 4388 1695 4480; baseline 0.004 -24"><span class='ocrx_word' id='word_1_278' title='bbox 536 4388 619 4456; x_wconf 91' lang='lat' dir='ltr'><strong>illud</strong></span> <span class='ocrx_word' id='word_1_279' title='bbox 631 4388 762 4471; x_wconf 68' lang='lat' dir='ltr'><strong>addam,</strong></span> <span class='ocrx_word' id='word_1_280' title='bbox 778 4390 821 4480; x_wconf 90' lang='lat' dir='ltr'><strong>de</strong></span> <span class='ocrx_word' id='word_1_281' title='bbox 842 4391 970 4475; x_wconf 86' lang='lat' dir='ltr'><strong>reliquie</strong></span> <span class='ocrx_word' id='word_1_282' title='bbox 992 4392 1131 4460; x_wconf 84' lang='lat' dir='ltr'><strong>versibus</strong></span> <span class='ocrx_word' id='word_1_283' title='bbox 1152 4392 1216 4480; x_wconf 85' lang='lat' dir='ltr'><strong>qni¹</strong></span> <span class='ocrx_word' id='word_1_284' title='bbox 1228 4390 1300 4458; x_wconf 90' lang='lat' dir='ltr'><strong>huic</strong></span> <span class='ocrx_word' id='word_1_285' title='bbox 1321 4390 1429 4459; x_wconf 86' lang='lat' dir='ltr'><strong>iilisb</strong></span> <span class='ocrx_word' id='word_1_286' title='bbox 1451 4389 1617 4472; x_wconf 85' lang='lat' dir='ltr'><strong>editoribus</strong></span> <span class='ocrx_word' id='word_1_287' title='bbox 1638 4392 1695 4461; x_wconf 69' lang='lat' dir='ltr'><strong>tris</strong></span> 
     </span>
     <span class='ocr_line' id='line_1_35' title="bbox 537 4502 1695 4595; baseline 0.001 -24"><span class='ocrx_word' id='word_1_288' title='bbox 537 4506 705 4592; x_wconf 67' lang='lat' dir='ltr'><strong>brunon,</strong></span> <span class='ocrx_word' id='word_1_289' title='bbox 722 4510 758 4569; x_wconf 88' lang='lat' dir='ltr'><strong>ut</strong></span> <span class='ocrx_word' id='word_1_290' title='bbox 779 4504 817 4571; x_wconf 91' lang='lat' dir='ltr'><strong>de</strong></span> <span class='ocrx_word' id='word_1_291' title='bbox 846 4524 874 4570; x_wconf 84' lang='lat' dir='ltr'><strong>v.</strong></span> <span class='ocrx_word' id='word_1_292' title='bbox 898 4505 970 4570; x_wconf 79' lang='lat'><strong>893.</strong></span> <span class='ocrx_word' id='word_1_293' title='bbox 992 4504 1064 4570; x_wconf 76' lang='grc'><strong>894,</strong></span> <span class='ocrx_word' id='word_1_294' title='bbox 1079 4504 1258 4574; x_wconf 63' lang='lat' dir='ltr'><strong>elsarn..</strong></span> <span class='ocrx_word' id='word_1_295' title='bbox 1278 4505 1356 4580; x_wconf 80' lang='lat'><strong>993,</strong></span> <span class='ocrx_word' id='word_1_296' title='bbox 1383 4504 1418 4567; x_wconf 87' lang='lat' dir='ltr'><strong>in</strong></span> <span class='ocrx_word' id='word_1_297' title='bbox 1443 4502 1695 4595; x_wconf 82' lang='lat' dir='ltr'><strong>annotationibus</strong></span> 
     </span>
     <span class='ocr_line' id='line_1_36' title="bbox 535 4616 726 4684; baseline -0.01 -2"><span class='ocrx_word' id='word_1_298' title='bbox 535 4617 657 4684; x_wconf 86' lang='lat' dir='ltr'><strong>dictum</strong></span> <span class='ocrx_word' id='word_1_299' title='bbox 677 4616 726 4682; x_wconf 88' lang='lat' dir='ltr'><strong>iri.</strong></span> 
     </span>
    </p>
   </div>
   <div class='ocr_carea' id='block_1_3' title="bbox 0 0 2246 5467">
    <p class='ocr_par' dir='ltr' id='par_1_3' title="bbox 0 0 2246 5467">
     <span class='ocr_line' id='line_1_37' title="bbox 0 0 2246 5467; baseline 0 0"><span class='ocrx_word' id='word_1_300' title='bbox 0 0 2246 5467; x_wconf 95' lang='lat' dir='ltr'><strong> </strong></span> 
     </span>
    </p>
   </div>
  </div>
 </body>
</html>
