4484 5467
1017 639 1212 700 ΣΦΗΚΕΣ

993 813 1078 870 ΙΙΑΙΣ.
1097 812 1239 880 (ΙΙΑΙΔΕΣ)

777 917 805 980 τί
829 940 867 1000 με
889 914 957 999 δῆτ’
984 914 1008 975 ὦ
1034 913 1126 998 μελέα
1151 916 1243 997 μᾶτερ
1267 909 1388 988 ἔτικτες,

775 1027 815 1091 ἵν’
841 1028 910 1111 ἐμοὶ
932 1027 1093 1110 πράγματα
1117 1020 1234 1111 βόσκειν
1257 1022 1415 1109 παρέχεις;
1438 1085 1441 1092 ,

1057 1145 1176 1204 ΧῖλΡΟΣ.

779 1248 922 1334 ἀνόνητον
947 1248 996 1333 ἄρ’
1025 1247 1049 1309 ὦ
1072 1248 1139 1334 ἴλυῃ

537 1379 587 1433 315
779 1360 880 1425 λοίκιόν
906 1360 936 1424 σ’
962 1360 1046 1445 εἶχον
1071 1357 1203 1442 ἄγαλμα.

571 1644 595 1678 τ.
609 1626 667 1679 312.
704 1627 792 1692 Cobet.
811 1626 843 1678 V.
863 1626 890 1677 L.
910 1643 935 1687 n.
955 1625 987 1677 ot
1006 1625 1072 1677 lrnnc
1091 1639 1192 1677 uersum
1210 1639 1304 1692 puero,
1326 1620 1435 1673 alterum
1458 1635 1483 1672 v.
1503 1617 1555 1671 313
1575 1617 1636 1686 patri
1651 1615 1681 1666 de

607 1714 658 1777 dit,
682 1731 732 1783 quo
757 1713 929 1782 responderet.
965 1711 1078 1780 Reliqui,
1101 1714 1130 1762 ut
1154 1710 1238 1778 vulgo.
1280 1708 1359 1776 Atqui
1382 1724 1396 1758 a
1420 1706 1564 1759 scholiasta
1584 1702 1682 1755 discimus

607 1814 700 1866 pueros
718 1798 779 1850 haec
792 1797 870 1865 loqui.
895 1795 1050 1847 Crediderim
1062 1794 1179 1867 παρέχεις
1196 1792 1359 1845 scribendum
1377 1806 1442 1865 esse.
1462 1819 1498 1827 —
1516 1790 1547 1841 ln
1565 1785 1586 1841 Δ
1601 1792 1636 1840 est
1650 1792 1684 1855 pi·

608 1901 657 1955 τερ.
676 1882 744 1950 qrrod
762 1881 942 1949 recipiendum.
962 1909 994 1916 —
1013 1879 1142 1946 Euripidis
1160 1893 1249 1930 versus
1267 1877 1319 1929 lere
1337 1877 1452 1942 integros
1465 1876 1506 1927 sic
1518 1873 1685 1929 constituerim:

816 1962 846 2017 ΙΙ.
865 1965 889 2017 ri
907 1984 938 2034 με
956 1963 995 2036 δὴ,
1015 1963 1092 2032 μελέα
1116 1968 1203 2035 μᾶτερ,
1222 1962 1323 2023 έτικτες,

865 2049 906 2100 ἴνα
925 2067 967 2118 μοι
985 2048 1121 2121 πράγματα
1141 2046 1239 2115 βόσκειν
1257 2046 1386 2118 παρέχεις;

811 2134 878 2190 Ἱππ.
897 2137 1019 2209 ἀνόνητον
1038 2135 1136 2205 ἄγαλμ’
1155 2134 1243 2189 οἴκοισι
1260 2132 1351 2196 τεκόιν,

866 2226 945 2296 πάτερ
963 2252 996 2261 -

643 2313 750 2364 Dimetri
767 2315 826 2365 sunt
845 2312 1008 2380 anapaestici.

574 2425 597 2459 v.
611 2406 669 2460 315.
714 2406 755 2478 ἄρ’
787 2405 809 2457 ὦ
838 2403 960 2458 θυλάκιόν
987 2405 1013 2456 τ’
1041 2404 1127 2457 Herm.
1154 2403 1228 2455 lliud.
1252 2402 1351 2456 Hirsch.
1376 2401 1470 2469 Bergk.
1519 2400 1589 2452 Ante
1619 2398 1691 2451 Herm.

609 2494 635 2562 ρ’
668 2492 715 2563 ἄρα
746 2492 771 2543 α’
804 2491 825 2542 ὧ
856 2488 978 2543 θυλάκιόν
1014 2490 1050 2560 γ’.
1091 2489 1123 2542 cl.
1159 2488 1270 2541 Brunclr.
1301 2486 1333 2539 ad
1361 2504 1385 2539 τ.
1415 2516 1450 2523 -
1478 2486 1615 2558 &vespm
1641 2485 1696 2536 lunt.

609 2577 684 2630 Erob.
710 2578 746 2639 (et
769 2574 864 2627 Gener.
889 2576 963 2639 1607,
989 2592 1066 2644 qnam
1090 2574 1219 2626 nominare
1242 2570 1405 2641 supersedeo,
1424 2588 1506 2640 quum
1524 2571 1698 2625 Erobeuiamu

590 2657 593 2663 ’
609 2660 757 2729 repetierit.)

594 2910 617 2945 v.
635 2892 693 2944 313.
728 2897 864 2967 πράγματα
882 2897 995 2966 βόσκεινι
1019 2897 1098 2950 schol.
1149 2893 1271 2949 θύλακον.
1297 2897 1377 2950 Recte
1394 2885 1549 2966 Berglerus:
1568 2897 1702 2967 Alloquitur

542 2978 556 3032 ό
583 2979 657 3049 λόγος
684 2981 713 3032 έκ
740 2978 843 3055 Θησέως
870 2981 1012 3055 Εὐριπίδου.
1048 2983 1100 3036 ἐκεῖ
1148 2983 1292 3047 sacculum,
1311 2998 1386 3051 quem
1402 2982 1453 3035 fert
1470 2983 1506 3036 ad
1524 2986 1658 3038 emendam
1673 2983 1702 3033 la-

543 3066 590 3138 γὰρ
607 3071 687 3119 ταῦτα
705 3067 817 3138 λέγουσιν
837 3070 859 3121 οἴ
875 3070 1025 3139 ταττόμενοι
1042 3076 1098 3123 παῖ·
1147 3070 1241 3133 rimam,
1260 3069 1283 3121 si
1299 3068 1442 3121 mercedem
1459 3070 1626 3124 iudiciariam
1643 3084 1703 3122 acce·

545 3152 584 3211 δες
603 3153 637 3212 εἴς
655 3154 732 3227 βορὰν
749 3160 787 3227 τῷ
805 3153 975 3229 Μινωταύρῳ.
1009 3156 1098 3225 Itaque
1147 3156 1221 3223 perit.
1256 3154 1286 3206 ln
1309 3153 1377 3206 Eccl.
1401 3152 1450 3207 381
1475 3156 1521 3209 ille
1546 3158 1593 3225 qui
1616 3155 1702 3209 tardius

542 3240 616 3308 pueri
624 3241 799 3307 cogitaverint,
808 3242 864 3294 τίνα
872 3246 953 3294 ταῦτα
962 3245 1097 3315 πράγματα
1148 3243 1251 3293 venerat
1274 3240 1301 3291 iu
1324 3241 1472 3293 concionem
1496 3258 1546 3296 nec
1568 3241 1703 3295 mercedem

544 3324 683 3395 βόσκομεν;
696 3330 724 3378 ut
736 3334 838 3400 πρᾶγμα
851 3330 884 3381 sit
900 3346 946 3398 pro
959 3330 1101 3382 Minotauro
1152 3329 1294 3395 acceperat,
1313 3327 1389 3379 dicit:
1413 3325 1480 3378 ὥστ’
1504 3327 1659 3401 αἴσχόνομαι
1674 3326 1704 3395 ρὰ

546 3415 659 3464 monstro
679 3412 782 3464 dictum.
809 3414 896 3483 Pergit
909 3415 1058 3468 scholiasta:
1071 3414 1100 3466 τὸ
1151 3412 1195 3465 τὸν
1218 3408 1260 3463 Δί’
1285 3411 1355 3465 οὐδέν
1380 3410 1458 3485 ἄλλον
1481 3410 1499 3483 ἡ
1525 3414 1571 3466 τὸν
1591 3411 1705 3467 θύλακον.

545 3495 571 3548 δέ
590 3494 661 3565 ἑξῆς,
679 3497 708 3549 τό
727 3494 849 3572 ἀνόνητον
869 3500 929 3573 ἄρα,
950 3498 1101 3559 Ἱππόλυτος
1152 3499 1237 3552 Schol.
1261 3499 1291 3550 E.
1318 3498 1350 3550 ad
1372 3515 1396 3550 ν.
1422 3504 1475 3549 τῶν
1502 3498 1638 3572 ἀλφίτων,
1662 3499 1705 3551 ἐπεὶ

545 3584 609 3635 ἐστιν
629 3582 642 3634 ό
661 3584 741 3653 λέγων
760 3585 824 3638 inei:
847 3586 969 3659 deturpes
991 3587 1101 3657 ἄγαλμα,
1152 3584 1225 3642 κενός
1242 3584 1306 3636 ἐστιν
1326 3584 1368 3647 (cf.
1386 3583 1484 3636 Polluc.
1503 3585 1540 3650 X,
1564 3587 1625 3639 172.
1646 3584 1705 3647 151).

545 3671 630 3741 πάτερ,
644 3668 731 3722 οἴκοισι
742 3672 833 3725 τεκών.
864 3673 965 3742 Optime
977 3689 1004 3726 se
1017 3674 1101 3739 habet,
1151 3670 1189 3723 dt.
1202 3671 1250 3722 Au.
1265 3669 1315 3723 503
1333 3667 1422 3737 ὀβολόν
1437 3668 1632 3744 κατεβρόχθισα
1648 3667 1707 3742 κᾷτα

546 3755 651 3808 chorum
674 3773 698 3807 v.
723 3756 781 3809 314.
807 3757 857 3811 315
882 3775 984 3823 canere,
1008 3760 1101 3829 quippe
1150 3756 1223 3809 κενόν
1247 3755 1291 3809 τὸν
1318 3752 1429 3807 ἴλόλακον
1459 3754 1548 3808 οἴκαδ’
1576 3757 1707 3830 ἀφεῖλκον·

546 3841 686 3906 continuat,
704 3843 772 3911 qnod
789 3844 938 3912 inceperunt
955 3846 1035 3914 pueri.
1062 3845 1102 3897 Ex
1150 3844 1178 3895 it.
1205 3843 1274 3896 Eccl.
1301 3840 1359 3895 733.
1386 3840 1445 3893 820.
1472 3840 1544 3895 Plnt.
1571 3843 1633 3897 763.
1674 3842 1708 3895 lta

547 3926 638 3981 Cobeti
654 3943 713 3980 uero
732 3930 879 3982 coniectura
898 3946 1001 3984 necesse
1027 3931 1101 3996 foret,
1150 3926 1271 3982 doluimus
1307 3928 1347 3980 vel
1375 3922 1488 3985 βόλακος
1524 3927 1708 3998 quodammodo

547 4017 575 4065 ut
592 4015 665 4084 pueri
687 4014 735 4067 hos
757 4030 845 4067 versus
862 4016 1033 4085 loquerentur.
1069 4016 1100 4069 G.
1151 4018 1224 4083 pater
1241 4018 1280 4068 est
1298 4015 1374 4079 senis,
1391 4013 1486 4082 quippe
1503 4017 1632 4082 continet,
1649 4013 1709 4085 quod

547 4100 682 4153 Hermann.
709 4117 733 4152 r.
757 4100 904 4154 312-316
930 4103 1016 4171 pueris
1042 4118 1102 4156 con·
1153 4101 1204 4153 alat
1227 4117 1299 4165 eum,
1322 4103 1351 4152 ut
1372 4100 1458 4152 iocose
1481 4101 1601 4169 positum
1619 4102 1653 4154 sit
1669 4115 1709 4170 pre

546 4188 662 4251 tinuerit,
679 4187 696 4238 l.
714 4186 731 4237 l.
750 4203 774 4255 p.
796 4187 835 4239 m.
865 4188 938 4251 Quod
955 4188 1101 4241 facillimum
1153 4187 1303 4256 Euripiden:
1331 4184 1353 4237 ὦ
1379 4187 1466 4258 πάτερ.
1512 4185 1569 4239 Ιιιιιι
1598 4189 1710 4241 ultimum

475 4334 477 4338 ,
547 4276 609 4327 erat.
628 4272 752 4342 Equidem
761 4272 964 4327 distributionem
974 4275 1102 4343 vulgatam
1153 4289 1253 4326 uersum
1270 4276 1390 4341 utrosque
1407 4274 1433 4323 ct
1451 4271 1560 4324 chorum
1582 4277 1711 4327 seuumet

548 4359 648 4412 delendi
666 4363 742 4428 atque
759 4358 865 4427 intelligi
882 4375 958 4429 posse
977 4358 1102 4413 existimo.
1153 4374 1245 4427 pueros
1258 4375 1309 4410 una
1321 4358 1444 4411 cecinisse
1453 4359 1592 4425 contendo,
1606 4361 1711 4413 maxime

549 4446 631 4510 Quum
656 4446 722 4497 enim
745 4441 866 4497 θυλάκιον
890 4445 986 4497 dictum
1004 4444 1038 4496 sit
1055 4461 1102 4513 pro
1153 4445 1243 4497 vocula
1260 4449 1312 4513 νῷν
1331 4447 1481 4496 commotus.
1517 4444 1591 4498 Haec
1617 4460 1712 4516 quoque

549 4529 659 4600 ἄγαλμα,
678 4548 765 4584 senum
785 4532 876 4583 chorus
895 4535 942 4595 est,
963 4531 1007 4599 qui
1025 4532 1102 4585 canit.
1153 4531 1280 4598 Euripidis
1298 4532 1358 4583 suut
1374 4530 1466 4595 verba,
1492 4531 1538 4597 qui
1560 4531 1657 4586 dixerit
1673 4536 1712 4585 aut

550 4616 634 4669 Schol.
671 4616 713 4686 circs
736 4616 813 4671 αὐτοῦ
843 4617 1008 4687 βαστάζοντος
1034 4616 1102 4687 ἔλεγε
1153 4616 1241 4687 οἴμοι,·
1259 4618 1328 4689 πάροι
1353 4621 1404 4685 νῷν
1435 4614 1554 4685 οἰμώζειν
1585 4624 1632 4672 aut
1658 4619 1713 4681 ulai,
