4484 5467
725 1503 1354 1613 PROLEGOMENA.

978 1753 1096 1763 —na—u-

806 1896 812 1962 ἰ
875 1917 1004 1983 arrvr
1029 1919 1192 1985 rurum.
1247 1935 1250 1941 ·

504 2082 573 2155 DE
598 2079 833 2202 TEMPORE
858 2082 1089 2156 FABVLAE
1110 2080 1379 2205 VESPARVM
1396 2082 1573 2163 ACTAE.

548 2356 571 2419 Ι.
608 2355 826 2438 Fragmentum
854 2348 1086 2437 didascalicum,
1120 2356 1202 2442 quad
1229 2346 1417 2440 argumenta
1435 2358 1474 2421 ad
1500 2359 1616 2445 Vespas

459 2490 618 2533 annexum
647 2474 708 2546 est,
742 2489 813 2531 cum
838 2468 938 2554 specie
966 2468 1099 2553 quadam
1126 2469 1312 2553 integritatis
1341 2470 1423 2556 apud
1450 2457 1616 2553 Bergkium

459 2587 531 2667 past
563 2580 692 2644 aliorum
725 2599 813 2643 auras
841 2580 885 2644 siu
916 2580 1029 2663 legitur
1061 2581 1165 2646 hodie:
1209 2582 1355 2669 ἐδιδάχθη
1390 2584 1438 2647 ἐπὶ
1471 2582 1618 2669 ἄρχοντος

458 2694 616 2779 Ἀμεινίου
645 2693 692 2756 διὰ
716 2693 889 2757 Φιλωνίδου
908 2693 944 2758 ’ἐν
971 2700 1013 2777 *i
1040 2690 1088 2757 au'
1116 2692 1309 2781 Ὀλυμπιάδι.
1355 2692 1377 2783 β
1402 2693 1451 2779 ἧν.
1495 2695 1536 2764 είς
1558 2695 1618 2781 Λη-4

460 2830 541 2872 ναια.
580 2806 629 2869 καὶ
657 2806 739 2869 ἐνίκα
768 2809 888 2891 πρῶτος
911 2806 1084 2890 Φιλωνίδης
1110 2805 1287 2893 Προάγωνι,
1316 2806 1440 2891 Λεύκων
1470 2805 1618 2895 Πρέσβεσι

460 2918 576 3002 τρίτος.
602 2916 642 2979 4Λ
664 2938 723 3000 qun
745 2916 930 2995 Dindarlius‚
953 2916 1019 2981 Vol.
1041 2916 1071 2979 Π
1092 2937 1123 3002 p.
1150 2918 1212 2980 552
1234 2917 1281 2980 ed.
1304 2915 1399 2981 Oxou.
1425 2913 1506 2981 1835
1528 2917 1562 2982 in
1584 2938 1619 2981 eo

461 3032 586 3091 tantum
607 3026 750 3104 discedit,
779 3027 859 3111 qued
881 3029 912 3093 ἐν
934 3036 975 3113 τῇ
997 3025 1044 3092 κδ’
1068 3026 1133 3093 Ὀλ.
1162 3028 1252 3092 uncis
1273 3028 1400 3092 inclusit
1428 3033 1459 3091 et
1487 3049 1558 3093 aum
1579 3028 1618 3093 Η.

461 3129 618 3225 Stephano
639 3140 800 3227 Προαγῶνι
823 3140 954 3203 scribere
976 3140 1096 3203 maluit.
1140 3140 1238 3219 Unus,
1261 3140 1342 3223 quad
1363 3139 1468 3218 sciam,
1490 3141 1514 3203 Ι.
1536 3139 1615 3203 Bel·
1726 3205 1728 3209 ,

460 3254 570 3331 karus,
604 3244 792 3338 quamquam
819 3272 910 3337 opera
942 3271 1016 3316 usus
1050 3252 1189 3317 audinum
1216 3251 1405 3316 Ravennatis
1438 3258 1469 3314 et
1495 3251 1615 3329 Veneti,

461 3363 618 3450 palmaria·
642 3362 858 3445 Kan'ngiesseri
888 3363 963 3447 (alte
991 3363 1070 3428 kam.
1098 3364 1208 3428 Biihne
1236 3386 1266 3450 p.
1294 3364 1372 3449 268)
1405 3362 1617 3427 emendatione

460 3475 609 3557 neglecta,
632 3495 671 3538 ne
693 3474 838 3538 Palmerii
861 3475 994 3559 quidem,
1018 3476 1070 3559 qui
1093 3476 1244 3541 nonnulla
1265 3477 1342 3540 bene
1364 3475 1524 3553 intellexit,
1547 3496 1617 3539 sen-

460 3588 593 3652 tentiam
609 3587 779 3673 usurpavit‚
801 3586 1024 3671 lectionemque
1039 3588 1171 3652 Aldinae
1194 3589 1322 3652 retinuit
1342 3588 1521 3673 turpissime
1535 3587 1619 3651 elau·

461 3701 634 3764 dicantem:
662 3701 807 3786 ἐδιδάχθη
832 3702 879 3764 ἐπὶ
902 3698 1048 3787 ἄρχοντας
1068 3698 1227 3786 Ἀμυνίυυ,
1250 3702 1299 3766 διὰΙ
1322 3702 1506 3778 Φιλωνίδου,
1527 3702 1558 3764 ἐν
1580 3707 1623 3785 vti

462 3811 566 3889 πόλει,
592 3810 769 3897 Ὀλυμπίων
799 3810 836 3896 ἦν
862 3810 898 3901 β,
926 3813 968 3882 είς
990 3813 1116 3896 Λήναια.
1162 3812 1212 3877 καί
1234 3814 1316 3878 ἐνίκα
1349 3818 1469 3899 πρῶτος
1493 3814 1620 3877 Φιλωνί-
1755 3820 1758 3825 ’

463 3928 519 4009 δης
542 3923 713 4010 Προαγῶνι,
736 3923 859 3988 Λεύκων
874 3923 1021 4013 Πρέσβεσι
1043 3925 1155 4012 πρίτυςε
1178 3924 1239 3988 nisi
1262 3924 1342 4007 quad
1361 3924 1475 3987 Aldina
1496 3925 1622 4010 praebet

462 4038 608 4121 πρυάηων
625 4035 780 4113 Γλαύκων,
802 4040 838 4099 ut
852 4035 979 4099 luntina
993 4042 1025 4099 et
1038 4035 1164 4100 Kusteri
1185 4035 1287 4113 editio,
1304 4035 1482 4121 nullamque
1497 4036 1622 4101 omnino

463 4154 537 4211 ante
561 4149 679 4234 Λήναια
706 4147 799 4212 habet
826 4147 1114 4233 interpunctionem.
1158 4147 1256 4211 Multa
1283 4138 1403 4211 cautius
1426 4149 1488 4229 egit
1508 4148 1621 4211 Kuste-

464 4283 527 4339 rus,
550 4266 687 4324 uertens:
721 4260 819 4339 „Acta
848 4266 894 4323 est
921 4260 995 4324 lraea
1023 4259 1128 4323 sabula
1155 4259 1299 4323 archonte
1320 4260 1448 4323 Aminia
1474 4260 1506 4321 in
1535 4260 1620 4337 urbe,

554 4373 637 4436 ludis
664 4372 801 4436 Lanaeis.
845 4373 885 4436 Et
914 4372 1031 4457 primus
1061 4371 1137 4436 vicit
1164 4371 1355 4450 Philonides,
1373 4418 1461 4434 .....
1485 4370 1621 4435 Glauaan

463 4485 576 4549 tertius
598 4484 775 4573 Πρέσβεσι.“
818 4483 981 4548 Ravennas
1004 4491 1109 4549 autem
1138 4484 1307 4548 secundum
1329 4482 1502 4546 Bellerum
1529 4482 1622 4548 habet

465 4600 629 4681 ὀλυμπιάδι
654 4601 671 4687 β
693 4597 730 4683 ἦν
754 4599 810 4673 είς,
839 4596 975 4660 Venetus
1009 4598 1170 4683 ὀλυμπιάδι
1195 4600 1243 4686 βηι
1271 4599 1321 4673 εἰς,
1344 4601 1471 4679 uterque
1494 4601 1620 4663 λευκῶν.

1402 4699 1416 4751 l
