4484 5467
548 624 610 687 100
938 618 1129 674 PROLEGOM.
1164 618 1278 674 CAPV'I'
1294 618 1331 673 IV

547 792 628 857 siaco
656 800 717 872 est,
747 793 866 880 aliquot
892 794 983 860 annis
1011 799 1082 857 ante
1109 790 1309 856 didascaliam
1336 790 1519 877 Vesparum.
1573 790 1707 877 Plerique

457 979 460 983 A
549 911 655 970 autem
677 927 696 970 a
716 899 857 992 patribus
878 905 976 972 edocti
998 911 1029 969 et
1050 909 1233 970 consuerant
1254 908 1285 966 et
1306 903 1454 968 amabant
1475 902 1544 967 ruri
1566 902 1707 982 habitare,

547 1022 584 1083 ut
606 1017 717 1083 Pericli
739 1038 827 1103 aegre
850 1020 1098 1105 obsequerentur.
1141 1014 1266 1080 Etenim
1288 1015 1385 1079 Thuc.
1407 1035 1433 1078 c.
1454 1014 1510 1078 16:
1536 1011 1590 1081 καὶ
1608 1017 1705 1101 ἐπειδὴ

549 1131 778 1217 ξονιμκίσδγσαν
807 1130 954 1216 (Athenis
982 1151 1001 1195 a
1028 1128 1174 1211 Theseo),
1205 1129 1254 1192 διὰ
1280 1128 1314 1192 τδ
1345 1124 1419 1196 ἕδος
1446 1127 1479 1191 ἐν
1509 1132 1580 1199 τοῖς
1610 1130 1707 1215 ἀγροῖς

547 1240 634 1327 ὅμως
658 1244 687 1305 οἱ
709 1243 833 1311 πλείους
860 1246 920 1306 τῶν
945 1241 1081 1329 ἀρχαίων
1109 1241 1160 1304 καὶ
1180 1243 1240 1304 τῶν
1270 1239 1392 1325 ὕστερον
1418 1236 1507 1324 μέχρι
1538 1242 1634 1304 τοδδε
1658 1243 1705 1303 τοῦ

546 1353 686 1439 πολέμου
715 1354 896 1439 πανοικησόορ
924 1352 1082 1439 γενόμενοί
1107 1376 1140 1415 τε
1168 1352 1217 1416 καὶ
1248 1351 1421 1434 οἰκήσαντες
1449 1348 1486 1413 co
1518 1351 1639 1436 ῥᾳδίως
1662 1352 1706 1421 τὰς

551 1468 785 1551 μεταναστάσεις
808 1467 978 1543 ἐποιοῦντο,
1001 1464 1103 1534 ἄλλως
1123 1487 1155 1526 τε
1176 1464 1227 1527 καὶ
1248 1461 1312 1548 ἄρτι
1336 1459 1530 1546 ἀνειληφότες
1552 1463 1608 1532 τὰς
1628 1486 1706 1527 κατα-

548 1577 657 1646 σκευὰς
674 1579 747 1661 μετὰ
769 1578 805 1643 τὰ
821 1576 951 1664 Μηδικά.
989 1574 1169 1664 ἐβαρύνοντο
1193 1574 1227 1637 δὲ
1248 1574 1299 1637 καὶ
1318 1576 1462 1658 χαλεπῶς
1478 1569 1594 1659 ἔφερον
1620 1575 1707 1644 οἰκίας

545 1711 578 1750 τε
600 1688 812 1761 καταλιπόντες
834 1691 885 1753 καὶ
907 1690 971 1771 ἱεροί
992 1691 1055 1751 κτλ.
1099 1685 1142 1747 Hi
1170 1683 1265 1767 igitur
1292 1684 1374 1748 vitae
1401 1683 1537 1748 rusticae
1561 1691 1706 1776 amatores

546 1797 679 1862 Athenis
702 1799 843 1882 quidem,
872 1806 910 1864 ut
930 1797 1067 1876 videtur,
1096 1816 1159 1859 ncn
1180 1794 1376 1876 habitabant,
1406 1815 1506 1879 neque
1530 1816 1583 1861 eos
1612 1796 1706 1862 locum

545 1907 690 1973 idoneum
717 1911 751 1975 in
780 1911 867 1976 urbis
884 1910 1039 1993 angustiis
1067 1906 1236 1993 repperisse
1257 1906 1450 1991 Thucydides
1478 1914 1590 1974 narrat
1611 1931 1638 1973 c.
1662 1910 1705 1972 ll.

545 2019 702 2086 Venerunt
730 2023 814 2087 enim
836 2028 867 2086 et
888 2022 950 2109 ipsi
976 2026 1078 2107 patres
1105 2018 1239 2083 familias
1262 2024 1294 2083 et
1314 2019 1506 2084 adduxerant
1534 2022 1592 2107 τὴν
1617 2021 1704 2106 ἄλλην

544 2137 752 2220 παρασκευήν,
773 2134 795 2197 i.
818 2155 845 2198 e.
867 2153 979 2215 servos,
1001 2133 1104 2196 itaut
1126 2132 1192 2214 agri
1213 2151 1245 2195 re
1267 2153 1340 2196 vera
1361 2131 1473 2196 deserti
1495 2137 1611 2197 essem.
1654 2131 1705 2196 His

545 2243 622 2308 adde
638 2244 759 2311 Solonis
781 2246 934 2311 instituta.
974 2245 1072 2321 Quem
1094 2243 1246 2328 equidem,
1269 2242 1330 2307 nisi
1352 2242 1408 2307 hoc
1430 2241 1549 2307 civium
1572 2245 1642 2328 agri
1662 2264 1704 2309 co

545 2353 630 2420 lendi
659 2357 798 2421 studium
827 2357 1029 2423 intellexisset
1056 2363 1102 2438 et,
1131 2375 1228 2439 quum
1251 2353 1368 2420 Theseo
1395 2374 1459 2418 non
1487 2354 1563 2440 plus
1583 2356 1704 2437 valeret,

545 2468 702 2551 probasset
728 2468 856 2553 legeque
884 2469 1051 2551 sanxisset,
1079 2467 1167 2532 illam
1194 2471 1254 2533 τῶν
1283 2467 1624 2553 πεντακοσιομεδίμνων
1654 2474 1704 2532 eta

546 2577 730 2643 divisionem
751 2582 885 2664 prolecto
906 2602 969 2646 non
990 2578 1179 2665 praecepisse
1201 2599 1256 2642 nec
1277 2577 1438 2663 perfecisse
1458 2578 1611 2663 putarim.
1650 2579 1704 2646 Ne-

544 2710 604 2772 que
626 2691 751 2755 omninc
777 2692 825 2756 his
847 2692 1025 2758 nominibus
1039 2691 1161 2756 ordines
1183 2689 1379 2777 appellasset.
1395 2689 1457 2754 nisi
1478 2710 1628 2773 agrorum
1641 2713 1703 2779 pos-

543 2801 689 2868 sessione
706 2810 737 2866 et
766 2823 837 2888 opes
859 2811 890 2868 et
918 2804 1131 2870 auctoritatem
1157 2802 1273 2867 civium
1299 2822 1425 2866 sucrum
1451 2812 1615 2885 cognosset
1642 2804 1704 2869 niti.

542 2911 621 2977 Item
637 2913 803 2981 Clisthenis
826 2917 1011 2982 mutationes
1026 2914 1242 2980 auctoritatem.
1260 2919 1365 2977 tamen
1380 2920 1411 2978 et
1432 2913 1503 2978 iura
1516 2935 1703 3000 paganorum

542 3023 661 3089 intacta
682 3025 891 3111 reliquerunt,
913 3030 1010 3093 immo
1031 3030 1186 3092 auxerunt
1206 3046 1258 3108 ea,
1281 3025 1363 3110 quod
1383 3026 1501 3090 incolae
1523 3026 1634 3093 docem
1654 3028 1703 3094 tri·

543 3135 639 3201 buum
661 3138 710 3202 vel
733 3140 866 3224 amplius
888 3147 1013 3205 centum
1040 3138 1236 3225 septuaginta
1263 3157 1412 3223 pagorum
1439 3137 1552 3204 melius
1574 3140 1645 3205 iure
1665 3140 1703 3205 ci·

541 3248 628 3313 vium
650 3250 813 3331 fruuntur,
837 3272 931 3336 quam
953 3256 1098 3335 quattuor
1119 3250 1271 3315 tribuum.
1293 3288 1333 3296 —
1355 3250 1485 3313 Ineunte
1507 3250 1608 3333 igitur
1630 3252 1703 3318 bello

542 3360 796 3445 Peloponnesiaco
818 3362 922 3448 plures
937 3362 1018 3428 cives
1041 3384 1136 3448 quam
1150 3362 1358 3448 superioribus
1372 3361 1566 3448 temporibus
1581 3363 1617 3428 in
1631 3364 1702 3429 urbe

541 3471 694 3536 habitasse
726 3473 869 3539 novimus
902 3495 1013 3559 eosque
1041 3474 1157 3541 ibidem
1184 3474 1367 3539 remansisse
1396 3473 1446 3539 vel
1474 3479 1602 3560 propter
1635 3474 1702 3541 belli

541 3583 735 3648 necessitates
758 3585 902 3650 credibile
930 3593 986 3652 est.
1030 3587 1154 3651 Praeter
1181 3586 1236 3650 hcs
1264 3586 1339 3650 satis
1368 3605 1518 3668 magnum
1538 3594 1702 3652 numerum

540 3695 708 3768 sortitionis
730 3696 932 3781 perficiendae
955 3719 1048 3763 causa
1060 3700 1199 3763 Athenas
1215 3698 1374 3762 convocari
1396 3698 1565 3781 oportebat.
1604 3698 1700 3764 Schol.

540 3806 649 3871 tertius
672 3808 726 3872 Ar.
749 3807 794 3873 Pl.
818 3811 897 3874 277:
929 3810 1048 3898 ἔρχεται
1071 3812 1199 3881 ἕκαστος
1221 3810 1263 3881 εἷς
1285 3810 1344 3894 (ita
1366 3809 1530 3893 legendum
1552 3818 1631 3895 puto
1652 3832 1701 3897 pro

540 3919 590 3994 εἰς,
613 3940 642 3982 ν.
664 3919 757 3986 Dind.
780 3919 820 3983 ad
842 3922 935 3985 schol.
958 3921 1188 3990 schoemannus
1217 3944 1248 4007 p.
1271 3923 1350 3987 205:
1379 3924 1421 3992 εἰς
1447 3922 1480 3985 cb
1511 3924 1699 4011 δικαστήριον

539 4030 709 4096 secundum
731 4033 1000 4098 Hemsterhusium
1021 4034 1168 4118 aliosque.
1212 4033 1370 4098 Dobraeus
1398 4034 1440 4103 εἰς
1461 4034 1494 4097 τδ
1519 4033 1650 4121 delevit)
1670 4036 1699 4099 τὸ

539 4145 674 4208 πινάκιον
699 4143 781 4231 ἔχων
809 4146 1070 4233 ἐπιγεγραμμένον
1098 4147 1132 4211 τδ
1162 4144 1260 4233 ὄνομα
1283 4146 1378 4210 αὐτοῦ
1408 4147 1458 4209 καὶ
1480 4146 1632 4233 πατρόθεν
1655 4148 1700 4212 καὶ

538 4258 592 4318 τοῦ
617 4257 718 4342 δήμου
740 4258 790 4321 καὶ
811 4260 938 4345 γράμμα
960 4260 991 4323 ἕν
1013 4284 1040 4323 τι
1065 4257 1152 4344 μέχρι
1174 4262 1230 4322 τοῦ
1252 4257 1294 4334 κ’,
1317 4259 1365 4322 διὰ
1387 4258 1421 4322 τδ
1443 4260 1537 4323 πάλαι
1562 4260 1636 4325 δέκα
1650 4285 1698 4348 τρο

539 4366 592 4436 tols
614 4366 690 4432 εἶναι
711 4367 862 4455 Ἀθήνησι
886 4369 944 4453 (sic
958 4370 1020 4433 fere
1035 4374 1210 4433 constanter
1223 4369 1404 4434 scholiastae
1424 4376 1456 4433 et
1469 4368 1698 4457 lexicographi).

538 4475 680 4565 διῄρηντο
704 4482 759 4567 γὰρ
783 4482 979 4566 surdastris.
1024 4481 1183 4545 Probabile
1199 4488 1254 4563 est,
1277 4481 1467 4546 sortitionem
1483 4483 1611 4547 aestatis
1625 4489 1699 4548 tem·

401 4654 406 4666 ,
538 4607 609 4670 pore
637 4611 656 4653 a
684 4591 773 4657 novis
800 4591 998 4657 archontibus
1020 4593 1159 4660 habitam
1187 4615 1259 4658 esse.
1304 4593 1420 4657 Verum
1449 4594 1573 4658 etiarnsi
1600 4595 1699 4660 media
