4484 5467
642 632 686 688 DE
703 632 874 714 wulorssvs
892 632 1152 687 Aruuumusrvn
1169 633 1351 699 REBVSQVE
1370 635 1598 690 lVDlGIALIBVS
1639 639 1700 701 113

535 803 676 877 tribunal
703 825 819 873 novum
845 803 939 882 illud,
972 806 1005 868 τὸ
1028 803 1156 883 Korada,
1189 804 1283 870 fuisse
1311 811 1342 870 et
1371 827 1425 891 pro
1453 810 1575 874 κάλλιον
1599 810 1699 875 καινὸν

537 916 735 990 scribendum
764 937 839 981 esse.
883 916 976 996 Item,
1008 937 1106 999 quum
1135 916 1297 981 aPolluce
1327 924 1468 982 vocatum
1495 919 1536 983 sit
1563 905 1646 1005 μέγα.
1665 923 1700 998 δ.,

537 1028 650 1113 quidni
671 1035 771 1113 potest
797 1028 890 1092 luisse
918 1029 985 1111 ipsa
1014 1026 1201 1111 i‘q‘leau‘a?
1234 1028 1336 1092 Huius
1366 1029 1449 1092 enim
1471 1030 1636 1113 originem,
1665 1039 1702 1097 ut

538 1161 634 1226 supra
662 1139 819 1204 ostendere
849 1144 975 1203 conatus
998 1159 1083 1216 sum,
1113 1139 1313 1204 recentiorem
1341 1147 1371 1205 et
1394 1140 1550 1205 Clisthene
1578 1150 1609 1205 et
1629 1143 1701 1207 Ari-

538 1252 635 1330 stide,
663 1252 697 1316 in
719 1250 784 1316 dies
806 1250 955 1315 adauctus
977 1249 1150 1333 significare
1171 1257 1271 1336 potest
1297 1251 1455 1318 iudicandi
1476 1275 1576 1333 amor;
1602 1260 1702 1339 potest

538 1364 636 1429 etiam
656 1362 817 1450 Ephialtae
841 1364 983 1448 ψήφισμα
1011 1367 1041 1426 et
1069 1382 1158 1426 omne
1186 1364 1310 1427 omnino
1333 1363 1462 1430 Periclis
1485 1366 1565 1430 circa
1586 1366 1701 1431 iudicia

540 1475 648 1561 populi
670 1475 820 1540 studium.
865 1472 961 1537 Cuius
985 1472 1110 1557 quidem
1137 1475 1317 1540 auctoritate
1339 1475 1489 1543 Metichus
1511 1498 1628 1542 novum
1649 1500 1701 1542 ex-

539 1586 689 1664 struxerit
711 1585 865 1666 tribunal;
895 1585 965 1669 qui,
996 1590 1032 1648 ut
1060 1585 1104 1648 ait
1126 1584 1208 1658 Plut.
1229 1608 1329 1671 praec.
1357 1574 1432 1674 reip.
1456 1610 1484 1672 g.
1507 1611 1532 1653 e.
1557 1591 1612 1653 15:
1641 1596 1700 1655 τῶν

537 1699 723 1786 Περικλέους
738 1696 828 1768 οὗτος
850 1698 893 1767 εἷς
914 1697 1106 1783 ἧκα-ἑταίρων,
1129 1706 1171 1782 τῇ
1193 1696 1232 1762 δι’
1250 1700 1375 1779 ἐκεῖνον,
1399 1704 1440 1772 ὡς
1463 1700 1555 1779 ἔοικε,
1578 1705 1701 1787 δυνάμει

539 1813 700 1903 χρύμρνος
723 1807 896 1896 ἐπιφθόνως
912 1810 968 1873 ’καὶ
990 1808 1174 1895 κατακόρως.
1510 1790 1512 1792 ¹

566 1993 591 1997 ..
627 1921 758 2006 Reliqua
794 1940 873 2004 quae
900 1918 1009 1983 Pollux
1039 1920 1179 1984 nominat
1207 1920 1385 1999 dicasteria,
1413 1923 1446 1986 τὸ
1470 1924 1517 1987 ἐπὶ
1539 1923 1646 2011 Λύκῳ,
1668 1926 1701 1989 τὸ

541 2036 728 2112 Φοινικιούν,
750 2034 783 2097 τὸ
807 2032 1009 2118 Βατραχιούν,
1031 2052 1158 2095 revera
1180 2032 1312 2097 Athenis
1335 2034 1502 2113 exstitisse,
1525 2056 1624 2120 neque
1647 2058 1702 2101 no-

538 2148 627 2211 mina
653 2146 714 2210 ista
742 2144 781 2209 ad
808 2143 927 2227 reliqua
953 2127 1078 2207 fortasse
1106 2142 1225 2206 notiora
1246 2146 1457 2210 transferenda
1478 2166 1558 2224 esse,
1590 2146 1702 2212 Schoe-

538 2238 674 2323 mamius
702 2256 722 2320 l.
751 2256 771 2320 l.
799 2278 829 2341 p.
853 2255 914 2319 2⁵25
943 2275 1008 2338 sqq.
1037 2253 1204 2318 contendit.
1254 2254 1359 2339 Neque
1388 2256 1469 2340 quod
1486 2235 1703 2323 'contradicam

539 2371 617 2436 satis
644 2375 704 2449 est,
732 2388 921 2452 quamquam
947 2364 1032 2430 haud
1060 2365 1283 2429 contemnenda
1311 2373 1356 2431 est
1383 2388 1446 2447 res,
1470 2368 1587 2452 Lycum
1609 2372 1703 2435 fuisse

540 2482 682 2548 omnium
714 2478 917 2545 tribunalium
947 2461 1087 2556 heroem,
1121 2476 1214 2541 schol.
1248 2478 1338 2564 Vesp.
1373 2479 1445 2544 388.
1475 2480 1547 2545 389.
1596 2483 1703 2566 ltaque

538 2573 704 2671 Philocleo,
727 2612 825 2675 quum
846 2610 939 2655 suum
961 2587 1020 2651 sibi
1041 2588 1179 2653 tribunal
1201 2590 1376 2670 constituat,
1406 2591 1479 2675 Lyci
1501 2592 1703 2657 simulacrum

538 2685 642 2770 filium
670 2704 768 2790 poscit
796 2724 825 2767 v.
855 2702 932 2767 819:
960 2702 1086 2787 θήρῷον
1117 2701 1147 2765 εἴ
1170 2726 1236 2771 πως
1258 2703 1433 2787 ἐκκομίσαις
1455 2705 1488 2768 τὸ
1511 2710 1565 2768 τού
1589 2705 1702 2769 Λύκου.

540 2818 624 2883 Tum
652 2814 893 2900 unumquodque
920 2811 1058 2876 tribunal
1086 2832 1142 2876 suo
1170 2812 1267 2876 colore
1296 2813 1431 2879 tinctum
1459 2821 1490 2879 et
1517 2816 1702 2899 insignitum

539 2931 645 3008 fuisse,
669 2949 707 2991 ex
727 2924 893 2992 Aristotele
915 2923 996 3008 apud
1020 2922 1112 2986 schol.
1141 2922 1223 2986 Plut.
1248 2924 1309 2989 278
1332 2926 1485 2992 novimus.
1529 2927 1610 2991 Fieri
1632 2948 1702 3011 ergo

538 3040 691 3128 potuerit,
731 3046 768 3103 ut
804 3038 879 3101 haec
915 3036 976 3100 tria
1007 3033 1177 3098 tribunalia
1209 3056 1228 3098 a
1259 3036 1369 3120 potiori
1402 3058 1514 3101 nomen
1548 3038 1701 3103 duxerint.

538 3154 655 3218 Contra
677 3148 927 3233 LealreTopogr.
950 3145 1023 3210 Ath.
1047 3167 1076 3230 p.
1100 3147 1163 3211 258
1186 3146 1355 3211 tribunalia
1376 3149 1409 3212 τὸ
1432 3151 1480 3213 ἐπὶ
1502 3149 1593 3235 Λύκῳ
1616 3158 1647 3213 et
1668 3152 1701 3215 τὸ

537 3265 680 3352 Μητίχου
703 3261 810 3326 eadem
831 3266 923 3344 atque
945 3258 1014 3332 illa,
1043 3277 1121 3342 quae
1143 3258 1176 3322 τὸ
1199 3258 1390 3346 Βατραχιοῦν
1413 3266 1444 3324 et
1465 3261 1498 3325 τὸ
1526 3263 1699 3326 Φοινικιοῢν
1791 3320 1794 3324 ,

537 3376 683 3453 audiunt,
698 3374 792 3438 fuisse
807 3371 939 3451 coniicit,
954 3375 991 3434 ut
1005 3390 1171 3433 numerum
1186 3369 1345 3434 denarium
1359 3372 1542 3436 aPausania
1551 3372 1701 3437 traditum

537 3487 684 3554 defendat
706 3491 736 3550 et
758 3491 868 3550 servet.

565 3576 568 3581 .
625 3600 781 3685 Numerus
808 3596 904 3680 igitur
930 3592 1136 3659 tribunalium
1164 3592 1248 3657 haud
1268 3594 1372 3679 paullo
1393 3595 1491 3661 maior
1513 3602 1632 3661 exstare
1654 3597 1700 3663 vi-

537 3716 630 3781 detur
664 3733 759 3797 quam
791 3708 883 3775 schol.
918 3708 1014 3772 Arist.
1047 3705 1093 3769 Pl.
1125 3705 1185 3768 277
1220 3704 1327 3770 voluit.
1384 3707 1577 3791 Quamquam
1608 3730 1700 3793 quem

537 3829 680 3905 Sohoem.
703 3846 741 3888 ex
761 3822 844 3887 Plut.
867 3821 904 3885 de
926 3819 1015 3902 genio
1037 3816 1119 3881 Socr.
1143 3838 1168 3880 ο.
1186 3817 1226 3880 10
1241 3818 1328 3882 affert
1341 3817 1458 3883 locum:
1481 3821 1700 3907 πορευομένοις

537 3942 646 4009 αύτοῖς
673 3939 721 4003 διὰ
743 3919 803 4016 col
824 3930 1047 4020 Ἑρμογλύρων
1070 3928 1152 4014 παρὰ
1173 3929 1209 3992 τὰ
1232 3932 1408 4016 δικαστήρια
1437 3930 1505 4001 σύες
1536 3934 1700 4011 ἀπαντῶσι,

537 4025 581 4125 οο
598 4071 661 4116 non
683 4069 763 4114 nova
785 4045 934 4131 quaedam
958 4040 1125 4125 significari
1139 4040 1308 4105 tribunalia
1322 4062 1393 4106 cum
1408 4042 1475 4128 ipso
1490 4041 1700 4107 Schoemanno

537 4161 733 4230 crediderim.
789 4158 904 4222 Verum
931 4154 1113 4218 enimvero
1143 4158 1239 4217 restat
1265 4153 1436 4218 Pausaniae
1463 4161 1494 4218 et
1521 4154 1700 4218 scholiastae

536 4272 758 4361 Aristophanis
779 4276 819 4349 et,
842 4289 935 4353 quem
955 4264 1151 4351 potissimum
1173 4264 1250 4328 duco
1272 4272 1436 4347 auctorem,
1465 4266 1581 4330 Comici
1602 4266 1699 4349 ipsius

536 4386 724 4467 auctoritas3
753 4383 807 4469 qui
834 4401 939 4447 omnes
967 4378 1072 4442 decem
1098 4376 1193 4440 fuisse
1220 4376 1389 4441 tribunalia
1409 4377 1541 4442 Athenis
1562 4376 1698 4455 tradunt,

536 4501 655 4567 diserte
685 4518 790 4563 omnes
818 4516 853 4558 ac
882 4489 1081 4557 disertissime
1102 4488 1324 4572 Aristophanes
1352 4489 1433 4553 Eccl.
1457 4490 1517 4553 681
1541 4510 1607 4572 sqq.
1651 4489 1698 4553 Ibi

1528 4592 1544 4645 8
