4484 5467
832 1912 834 1915 ¹
909 1834 1011 1902 cllvl
1031 1833 1182 1903 Tlllll'llll.

721 2051 793 2127 DE
823 2049 1016 2127 GHORO
1043 2046 1369 2125 VESPARVM.

513 2422 514 2425 ,
547 2358 572 2424 Ι.
616 2358 752 2425 Ohomm
773 2358 924 2425 comicum
944 2380 983 2423 er
1004 2362 1151 2442 quattuor
1179 2363 1211 2421 et
1237 2356 1350 2440 viginti
1377 2357 1530 2424 choreutis
1552 2378 1624 2423 con-

458 2470 594 2550 stitisse,
623 2491 724 2555 quum
743 2470 850 2537 multis
882 2471 956 2537 locis
978 2477 1130 2536 testentur
1157 2470 1318 2556 scriptores
1341 2472 1463 2555 Gracci,
1493 2490 1624 2554 qnorum

458 2584 649 2649 mentionem
677 2586 815 2650 lecerunt
836 2584 928 2649 multi
955 2605 972 2647 c
993 2584 1195 2666 nostratibus,
1222 2590 1260 2648 ut
1280 2582 1440 2649 Kolsterns
1469 2583 1506 2647 de
1534 2604 1623 2669 pare-

463 2696 541 2779 basi,
564 2704 633 2765 tum
654 2718 758 2762 rerum
778 2696 968 2763 scenicarum
992 2697 1163 2782 scriptores,
1186 2695 1390 2761 Schneiderus
1410 2695 1620 2775 Vimeriensis,

464 2808 537 2891 alii,
567 2809 700 2893 denique
722 2809 867 2876 historiae
891 2810 1076 2874 Graecorum
1096 2808 1251 2873 literariae
1273 2815 1427 2887 auctores,
1452 2780 1644 2872 Muellerus'

464 2920 692 3005 Gottingsnsis,
720 2921 952 3005 Bemhcrdyus,
981 2920 1051 2999 alii,
1080 2941 1164 2985 nunc
1185 2926 1320 3005 repetere
1347 2920 1422 2984 hoec
1443 2919 1626 2985 testimonia

463 3034 655 3118 supersedeo.
698 3033 805 3118 Itaque
833 3034 867 3098 in
894 3032 1033 3098 docendo
1059 3052 1181 3116 quoque
1207 3032 1378 3115 Vespnrum
1408 3031 1513 3096 fabulo
1539 3032 1621 3096 idem

462 3145 559 3212 norit
584 3147 800 3212 choreutorum
821 3167 968 3212 numerus
996 3165 1120 3210 necesse
1142 3150 1197 3208 est
1241 3143 1328 3221 Quod
1349 3162 1472 3208 monere
1499 3151 1631 3263 propter,

463 3259 499 3322 G.
518 3258 735 3324 Hermannnm
756 3279 853 3343 cogor,
875 3259 930 3344 qui
951 3259 985 3323 in
1008 3258 1221 3324 dissertatione
1245 3255 1302 3337 „de
1323 3255 1415 3321 choro
1428 3255 1619 3341 Vesperum“

461 3392 491 3435 a.
516 3370 599 3435 1843
621 3371 704 3438 edita
725 3370 899 3455 legitimum
920 3370 1003 3437 hunc
1023 3391 1189 3437 numerum
1210 3369 1395 3434 imminuere
1417 3374 1544 3433 conatus
1565 3374 1620 3432 est.

461 3480 604 3566 Namque
624 3504 735 3548 senum
761 3484 796 3548 in
822 3483 879 3550 illa
899 3483 1004 3548 fabula
1025 3481 1131 3565 choro,
1160 3504 1252 3567 quem
1283 3487 1372 3566 poeta
1401 3479 1501 3545 multa
1522 3479 1621 3544 adhuc

462 3600 553 3659 nocte
574 3596 761 3662 orchestram
782 3596 898 3660 intrare
920 3595 1015 3677 iubet,
1037 3595 1125 3680 pueri
1147 3594 1265 3678 aliquot
1285 3592 1471 3679 praelucent
1515 3592 1622 3676 Neque

461 3705 642 3792 praelucent
662 3714 795 3791 tentum,
818 3707 872 3774 sed
886 3707 961 3773 dum
977 3712 1127 3793 praeeunt
1147 3706 1289 3775 lucernas
1303 3711 1467 3788 gestantes,
1489 3703 1537 3769 bis
1551 3725 1622 3768 cum

461 3819 590 3884 senibus
616 3818 833 3905 colloquuntur
859 3819 909 3885 vel
939 3819 1042 3906 potins
1068 3823 1195 3883 canunt.
1245 3818 1292 3882 Ac
1324 3816 1459 3902 primum
1487 3816 1621 3901 quidem,

461 3936 535 3996 ante
557 3951 650 4015 quem
672 3932 781 3997 chorus
802 3932 904 3997 locum
925 3932 960 3996 in
981 3932 1151 4012 orchestra,
1181 3950 1242 4013 quo
1269 3928 1384 3994 versari
1406 3928 1472 4011 lege
1494 3949 1529 3992 ac
1551 3950 1622 3993 con-

461 4043 627 4109 suetudine
648 4044 751 4110 iussus
773 4050 854 4123 erat,
877 4044 994 4127 attigit,
1023 4049 1091 4108 tum
1112 4064 1185 4107 vero
1206 4047 1368 4127 postquem
1390 4040 1545 4105 canticum
1566 4062 1622 4104 an-

460 4154 677 4240 tistrophicum
703 4156 771 4242 ipso
798 4157 862 4221 loco
890 4162 976 4221 stans
1005 4155 1126 4221 cecinit.
1169 4154 1216 4218 Ex
1245 4174 1305 4238 quo
1328 4154 1526 4217 Hermonnus
1553 4151 1622 4216 illos
1742 4175 1756 4191 ··

461 4287 572 4353 pueros
594 4267 754 4333 choreutos
776 4268 870 4333 fuisse
885 4266 1009 4350 colligit,
1032 4288 1051 4330 a
1072 4266 1209 4350 reliquis,
1231 4266 1286 4350 qui
1308 4286 1417 4331 senum
1435 4271 1536 4349 portes
1551 4285 1622 4346 cge-

461 4386 541 4457 rent‚
565 4384 596 4443 et
617 4386 736 4446 stature
756 4387 787 4445 et
809 4384 918 4472 ornatu
941 4378 1085 4446 diversos.
1130 4379 1212 4455 Quos
1233 4378 1378 4462 pusiones
1403 4374 1514 4440 deinde
1536 4374 1623 4440 Cleo-

461 4513 534 4557 nem
557 4492 737 4559 arcessitum
759 4514 779 4557 a
799 4492 924 4558 senibus
946 4491 1055 4557 missos
1078 4510 1161 4573 esse,
1190 4491 1316 4557 chorum
1339 4495 1458 4569 autem,
1482 4488 1623 4552 neclectis

461 4606 576 4693 pueris,
598 4626 653 4691 per
673 4611 769 4671 totum
789 4605 928 4671 tabulam
949 4603 1096 4687 eviginti
1118 4609 1242 4668 tantum
1264 4601 1417 4669 chorentis
1439 4622 1448 4665 c

1432 4703 1445 4757 l
