4484 5467
663 632 726 701 ‚Du
744 630 976 686 PERSONARVM
992 630 1257 685 olsrlussvrlorou
1273 632 1309 686 IN
1328 629 1446 684 VESPIS
1464 630 1574 683 ARIST.
1662 632 1703 695 39

500 809 501 812 ’
538 805 592 870 sit·
606 803 883 889 grandiloquenrir,
904 802 1080 885 Antigonae
1101 823 1143 867 an
1158 802 1306 885 Creontis,
1328 802 1382 867 sed
1403 810 1536 869 actorem
1554 802 1702 884 Creontis,

538 918 707 983 tertiarum
728 916 824 1000 igitur
838 915 974 1001 partium
988 920 1121 979 actorem
1135 935 1231 998 aeque
1245 915 1381 1000 peritum
1394 916 1470 983 artis
1485 937 1551 981 esse
1563 914 1703 980 debuisse

540 1029 751 1095 certissimum
772 1027 912 1109 estnird
933 1026 1010 1092 velis
1029 1046 1155 1092 omnem
1175 1032 1274 1092 artem
1294 1028 1442 1110 tragicam
1464 1032 1602 1093 actorum
1615 1049 1702 1112 pror-

532 1163 598 1208 ‘sus
619 1162 741 1225 negare.
773 1142 875 1218 Quam
896 1138 1053 1205 Ciceronis
1074 1140 1169 1203 verba
1182 1138 1351 1217 notissima
1374 1138 1436 1204 div.
1457 1139 1492 1203 in
1507 1138 1593 1202 Caee.
1610 1160 1638 1203 e.
1653 1141 1702 1220 15,

539 1260 589 1318 ιιι·
608 1253 646 1318 de
667 1254 831 1336 Antigona
856 1250 1049 1317 similibusva
1074 1250 1189 1316 fabulis
1216 1251 1278 1315 dici
1305 1272 1368 1317 non
1395 1256 1532 1336 possum,
1561 1250 1606 1314 ita
1632 1252 1704 1315 licta

538 1365 648 1453 potius
661 1366 701 1429 ad
713 1367 878 1431 verborum
892 1366 1149 1450 πρωταγωνιστὴς
1162 1370 1219 1428 eta
1235 1363 1490 1446 significationem
1505 1367 1587 1441 sunt,
1609 1384 1703 1446 quam

538 1500 581 1543 ex
610 1476 824 1541 commissione
852 1477 957 1561 aliqua
984 1481 1139 1562 percepta.
1181 1475 1227 1539 Ea
1253 1496 1340 1557 uero,
1368 1496 1446 1559 quae
1467 1473 1551 1561 apud
1573 1473 1701 1539 Suidam
1754 1537 1762 1555 ‚

539 1590 681 1674 aliosque
702 1594 739 1654 ut
760 1585 858 1674 ipsius
880 1590 1009 1654 oratoris
1030 1588 1228 1654 scholiastam
1255 1593 1378 1652 exstant
1398 1586 1436 1650 de
1463 1587 1588 1652 nomine
1609 1612 1702 1674 τριτα-
1803 1594 1805 1598 ‘

538 1704 704 1788 γωνιστής,
725 1702 790 1765 irae
812 1700 1035 1783 Demosthenis,
1065 1721 1129 1766 non
1150 1698 1342 1783 grammatici
1370 1698 1516 1764 scientiae
1543 1699 1702 1764 debentur.

538 1816 593 1879 Ita
612 1834 650 1877 ea
670 1834 800 1898 qnoque,
822 1833 901 1897 quae
923 1811 1032 1877 Pollux
1054 1812 1105 1894 IV,
1131 1813 1192 1879 124
1214 1811 1251 1876 de
1273 1810 1451 1875 discrimine
1478 1811 1702 1896 protagonistae

538 1927 792 2011 reliquorumque
819 1931 957 1990 aetorum
979 1924 1129 2005 exhibuit,
1152 1922 1258 1989 eodem
1272 1923 1475 1988 Demosthene
1497 1923 1518 1987 l.
1540 1922 1562 1987 l.
1577 1922 1702 1987 docente

538 2041 615 2103 fieta
643 2039 742 2121 magis
772 2059 867 2122 quam
893 2058 967 2102 vera
993 2035 1138 2101 videntur
1164 2035 1315 2114 habenda,
1337 2056 1435 2118 quum
1457 2036 1554 2100 Creon
1575 2035 1702 2117 tritago-

540 2152 626 2216 nista
658 2170 818 2234 nunquam
847 2171 901 2235 per
921 2154 1042 2234 portam
1062 2147 1197 2212 mediam
1218 2147 1283 2211 sive
1309 2148 1426 2231 regiam
1454 2148 1610 2230 ingressus
1637 2167 1703 2210 esse

538 2262 768 2328 existimandus
793 2262 845 2326 sit.
888 2261 1043 2326 Postremo
1071 2260 1129 2324 hoc
1156 2259 1250 2324 velim
1279 2258 1515 2324 animadvertas.
1558 2258 1702 2339 Protago-

538 2376 642 2441 nistae
668 2371 765 2459 quum
792 2375 975 2460 plerumque
1002 2372 1180 2456 contigerit,
1208 2378 1245 2436 ut
1272 2393 1369 2436 unam
1397 2392 1451 2456 per
1484 2370 1620 2435 fabulam
1653 2368 1702 2433 vel
1775 2414 1777 2418 .

537 2486 733 2570 tetralogiam
760 2493 863 2570 ageret
892 2506 1069 2571 personam,
1098 2484 1361 2567 deuteragonistae
1394 2483 1473 2547 duae
1505 2480 1555 2545 vel
1586 2480 1701 2565 plures,
1767 2476 1770 2481 ’

537 2599 693 2685 plurimae
732 2605 836 2664 autem
886 2598 1097 2682 tritegonistae
1140 2597 1332 2676 deferuntur3
1372 2596 1426 2679 qui
1474 2593 1568 2658 nimis
1613 2614 1702 2677 saepe

537 2713 688 2777 iubentur
714 2732 788 2775 eum
814 2710 953 2775 vestibus
981 2731 1092 2775 sonum
1119 2708 1202 2773 vocis
1231 2716 1262 2773 et
1290 2706 1554 2794 pronunciationis
1575 2704 1702 2769 modum
1744 2790 1746 2795 Ι

537 2829 671 2888 mutare.
715 2823 809 2901 Quod,
823 2823 902 2888 mibi
923 2821 1046 2886 videtur
1067 2825 1167 2884 artem
1188 2809 1299 2885 actoris
1322 2820 1398 2886 satis
1421 2818 1574 2884 excultam
1596 2825 1627 2882 et
1647 2838 1702 2903 po·

537 2936 629 3000 litam
650 2936 817 3019 requirere.
862 2936 942 3013 Quid
969 2954 1042 2999 vero
1069 2938 1257 3013 statuamus,
1286 2933 1312 2996 si
1334 2934 1368 2997 in
1393 2931 1565 2996 novissima
1584 2951 1702 2994 comoe-

537 3049 663 3112 diarum
684 3047 900 3113 distributione
923 3046 972 3112 vel
993 3045 1140 3110 undecim
1162 3065 1309 3129 personae
1331 3045 1431 3110 eidem
1446 3043 1540 3108 actori
1551 3042 1699 3127 deinceps

537 3160 673 3243 agendas
694 3159 825 3242 legimus
847 3158 964 3223 delatas
986 3156 1072 3222 esse?
1114 3157 1221 3240 Aeque
1243 3162 1318 3241 puto
1332 3155 1513 3220 incredibile
1528 3176 1593 3218 esse
1607 3161 1699 3237 atque

537 3272 627 3336 illam
656 3272 860 3337 distribuendi
888 3270 1054 3348 rationem,
1084 3288 1146 3352 qua
1173 3268 1249 3333 duos
1276 3268 1357 3331 inter
1386 3274 1501 3331 actores
1531 3286 1595 3330 una
1615 3264 1699 3329 Pluti

538 3404 670 3469 persona
691 3383 856 3448 distributa
877 3381 1017 3446 aBeerio
1039 3386 1101 3446 est:
1125 3380 1209 3444 Pluti
1223 3379 1340 3444 scilieet
1354 3379 1484 3457 fabulae,
1508 3398 1585 3464 quae
1611 3377 1700 3442 ehoro

537 3497 662 3560 carebat
683 3516 779 3580 eoque
801 3494 911 3560 maiori
933 3494 980 3558 uti
1002 3498 1121 3579 poterat
1143 3498 1281 3557 aetorum
1302 3492 1398 3577 copia.

625 3609 662 3671 V.
696 3607 754 3671 His
782 3607 827 3671 ita
854 3606 1044 3691 praemissis,
1078 3604 1191 3689 quibus
1218 3605 1441 3669 demonstrasse
1475 3602 1554 3667 mihi
1587 3600 1700 3679 videor,

537 3742 601 3785 non
630 3720 734 3784 omnia
761 3718 924 3783 convenire
945 3739 1033 3804 pesse
1055 3717 1242 3795 comoediae,
1270 3738 1349 3799 quae
1376 3716 1410 3779 in
1432 3714 1617 3799 simpliciore
1638 3719 1701 3777 tra-

537 3832 664 3915 goediae
685 3833 784 3896 forma
805 3838 912 3915 aptum
934 3831 1036 3896 locum
1057 3819 1188 3907 habent,
1217 3829 1257 3892 ad
1284 3828 1405 3891 fabulae
1432 3827 1604 3912 Vesperum
1632 3846 1701 3910 per·

536 3966 630 4010 sonas
651 3942 808 4026 aggredior
836 3941 1072 4007 distribuendas.
1117 3943 1231 4017 Quarto
1259 3946 1363 4003 autem
1392 3945 1493 4003 actore
1521 3960 1597 4023 opus
1626 3957 1701 4014 esse,

537 4057 635 4121 etiam
661 4054 708 4119 illi
738 4060 967 4137 concesserunt,
1007 4054 1061 4138 qui
1095 4052 1342 4117 distributionem
1385 4051 1573 4135 tripartitam
1607 4047 1702 4111 nimis

536 4168 631 4232 anxie
660 4166 842 4245 defendunt3
870 4170 1050 4250 quartarum
1079 4187 1167 4251 porro
1193 4165 1330 4249 partium
1358 4171 1500 4241 actorem,
1534 4161 1589 4246 qui
1618 4181 1701 4223 nune

537 4282 839 4367 παραχορηγήματος
861 4277 986 4343 nomine
1007 4277 1115 4356 utitur,
1139 4278 1274 4363 peritum
1295 4275 1371 4339 artis
1393 4275 1529 4339 scenicae
1543 4271 1701 4336 hominem

536 4413 604 4457 esse
637 4390 762 4470 debere,
795 4391 864 4477 ipsa
896 4411 945 4454 ars
978 4389 1065 4453 docet
1097 4390 1252 4473 iubetque.
1298 4389 1365 4464 Qua
1397 4388 1434 4450 de
1467 4406 1575 4449 caussa
1608 4408 1700 4470 παρα-

536 4507 707 4592 χορήγημα
724 4504 904 4587 'Vosparum
932 4522 952 4565 a
978 4501 1105 4585 reliquis
1139 4502 1294 4566 actoribus
1322 4499 1410 4564 nulla
1442 4499 1504 4562 alia
1530 4517 1563 4560 re
1591 4495 1700 4573 differt,

536 4617 602 4683 nisi
625 4615 707 4702 quod
729 4615 779 4681 vel
794 4623 874 4680 'casu
895 4613 944 4681 vel
967 4614 1088 4702 proprio
1109 4620 1197 4679 motu
1231 4615 1265 4679 in
1293 4614 1444 4679 iustorum
1474 4616 1611 4675 actorum
1641 4631 1701 4674 nu-
