4484 5467
933 611 978 665 on
996 577 1107 668 eioeo
1127 613 1311 667 vusrsovu
1657 616 1696 678 71

538 786 638 851 finisse
668 790 803 863 constat,
831 790 966 870 occupat.
1010 785 1069 849 His
1091 784 1195 869 itaque
1216 785 1370 862 versibus,
1393 805 1469 869 quos
1490 785 1624 869 integros
1645 806 1700 872 ap-

539 898 641 983 posui,
663 896 907 962 luculentissime
929 897 1064 981 apparet,
1093 897 1220 960 chorum
1243 901 1273 959 et
1295 895 1467 961 ascendisse
1489 896 1647 982 pulpitum
1668 905 1700 963 et

539 1009 735 1075 demurlisso
756 1009 790 1073 in
812 1008 1010 1073 orchestram:
1038 1008 1118 1093 quod
1140 1029 1234 1092 quam
1255 1007 1499 1072 commodissime
1520 1010 1638 1074 lactum
1656 1010 1700 1075 sit

541 1143 666 1187 necesse
688 1128 742 1187 est
786 1120 1034 1185 Commodissima
1056 1126 1161 1185 autern
1183 1121 1232 1198 fit,
1261 1140 1358 1205 quum
1384 1140 1462 1183 unas
1483 1119 1580 1185 scalas
1605 1121 1700 1186 fixisse

541 1233 728 1320 accipimus,
749 1232 854 1297 minus
876 1231 1046 1313 commode,
1070 1253 1167 1316 quum
1189 1232 1286 1309 binas,
1308 1251 1386 1316 quae
1408 1231 1483 1295 satis
1504 1231 1585 1296 latae
1607 1232 1701 1297 fuisse

541 1366 607 1411 non
628 1351 764 1430 possunt
808 1344 966 1409 Probabile
988 1344 1119 1428 denique
1140 1349 1195 1421 est,
1217 1343 1344 1409 chorum
1357 1348 1520 1428 postquam
1535 1342 1700 1423 descendit,
1774 1320 1777 1325 ,

542 1457 738 1522 dextrorsum
773 1477 805 1520 se
833 1455 1016 1521 convertisse
1049 1460 1080 1519 et
1111 1455 1242 1520 circuitu
1274 1454 1486 1520 sinistrorsum
1516 1445 1611 1537 laem,
1645 1456 1700 1520 ubi

542 1568 679 1633 mediam
700 1568 804 1651 attigit
825 1568 1023 1645 orchestram,
1052 1588 1069 1631 e
1092 1566 1214 1649 regione
1236 1571 1374 1631 actorum
1395 1567 1576 1633 constitisse.
1619 1567 1700 1644 Quo·

542 1680 635 1746 modo
654 1685 758 1744 autem
779 1679 917 1745 ordinem
937 1678 1043 1763 parodi
1064 1678 1181 1764 primae
1202 1678 1252 1742 vel
1273 1678 1439 1743 servaverit
1459 1677 1509 1744 vol
1523 1679 1700 1757 restituerit,

542 1792 669 1857 difficile
698 1798 744 1855 est
766 1791 866 1870 dictu;
895 1796 998 1854 tamen
1025 1790 1160 1855 servavit
1180 1789 1285 1875 procul
1306 1788 1414 1869 dubio,
1442 1796 1479 1855 ut
1500 1795 1700 1879 λαοροστάται

541 1904 639 1969 iidem
660 1910 771 1981 essent,
793 1903 887 1967 iidem
910 1905 1103 1980 δεξιοστοίται,
1125 1900 1222 1965 iidem
1242 1904 1493 1987 ἀριστεροστοὶται.

632 2015 714 2079 VIII.
745 2014 829 2078 Inter
850 2013 999 2100 paredum
1021 2012 1115 2094 chori,
1138 2033 1216 2096 quae
1238 2017 1381 2095 quattuor
1411 2018 1530 2079 constat
1550 2014 1700 2099 partibus,

546 2128 647 2215 prima
668 2150 688 2191 a
702 2127 892 2208 tao-247,
916 2126 1012 2191 altera
1032 2146 1094 2189 av.
1109 2124 1302 2205 aes-272,
1324 2123 1416 2189 tertia
1429 2145 1449 2189 a
1462 2146 1492 2189 v.
1508 2126 1699 2192 ata-290,

545 2245 656 2325 quarta
684 2260 703 2303 a
731 2236 984 2320 aueo-316,
1014 2256 1216 2322 quamquam,
1244 2222 1273 2300 si
1301 2235 1405 2321 plures
1430 2243 1532 2321 partes
1558 2237 1699 2324 accipias,

541 2372 641 2436 quum
670 2371 759 2414 versu
781 2350 842 2414 487
873 2349 997 2413 demum
1023 2348 1150 2413 finiatur
1176 2346 1323 2440 paredus,
1351 2369 1414 2412 non
1441 2369 1592 2434 repugno:
1618 2350 1700 2416 inter

539 2464 623 2528 hanc
649 2463 745 2545 igitur
769 2461 919 2547 paredum
947 2461 995 2525 vel
1021 2481 1092 2547 pars
1120 2458 1272 2544 quaedam
1298 2457 1396 2543 ipsius
1422 2460 1530 2545 paredi
1550 2462 1699 2529 stasimon

541 2581 601 2653 est,
625 2574 780 2640 canticum
803 2574 848 2638 ita
871 2572 987 2638 dictum
1009 2572 1075 2658 ipso
1097 2570 1187 2636 choro
1208 2576 1330 2636 auctore
1351 2568 1480 2639 aare:

751 2688 828 2751 ἀλλοὶ
852 2709 903 2771 μοι
926 2687 1011 2749 δοκεῖ
1032 2687 1155 2754 στάντας
1177 2681 1295 2763 ἐνθάδ’,
1320 2683 1440 2769 ὦνδρες,

750 2795 876 2883 ᾄδοντας
898 2796 986 2860 αὐτὸν
1010 2798 1161 2860 stanteis:

539 2931 643 2995 nequo
674 2907 825 2974 dubitant,
844 2906 1038 2985 scholiastae,
1072 2906 1226 2971 canticum
1254 2905 1335 2992 quod
1367 2888 1521 2992 sequitur,
1554 2907 1701 2973 stasimon

539 3020 714 3108 appellare:
738 3021 795 3107 πρὸ
817 3024 877 3083 τῶν
897 3020 999 3104 θυρῶν
1022 3022 1076 3081 τοῦ
1098 3018 1311 3088 Φιλοκλέωνος
1333 3020 1452 3089 πάντες
1476 3022 1504 3083 οἱ
1525 3023 1580 3083 τοῦ
1602 3024 1700 3107 χοροῦ

538 3136 575 3201 τὸ
608 3136 753 3219 στάσιμον
784 3130 891 3217 ᾄδουσι
924 3131 1024 3217 μέλος.
1075 3128 1135 3196 Sed
1169 3128 1286 3194 fallitur
1319 3129 1496 3210 scholiasta,
1529 3152 1546 3194 e
1578 3134 1702 3202 στάντας
1807 3211 1811 3219 ¹

539 3246 681 3311 derivato
708 3244 800 3308 verbo
830 3246 991 3329 στάσιμονε
1021 3263 1119 3326 quum
1146 3240 1225 3305 nihil
1252 3240 1338 3305 aliud
1359 3240 1491 3307 voluerit
1511 3240 1620 3307 chorus
1640 3242 1703 3305 nisi

539 3356 719 3444 paullulum
748 3354 917 3419 subsistens
947 3375 1052 3419 senem
1080 3374 1220 3433 evocare,
1248 3359 1283 3418 ut
1311 3374 1415 3418 secum
1443 3352 1482 3417 ad
1509 3354 1610 3417 forum
1631 3374 1702 3418 con-

539 3468 659 3535 tendat.
702 3467 739 3530 ln
759 3465 870 3547 vulgus
893 3465 977 3529 enim
998 3472 1107 3530 notum
1129 3471 1184 3543 est,
1206 3467 1240 3529 τὸ
1265 3467 1407 3550 στάσιμον
1431 3464 1469 3529 ab
1491 3466 1611 3531 ἑστάναι
1633 3464 1702 3550 qui·

540 3583 614 3646 dem
630 3579 779 3661 originem
794 3576 927 3655 duxisse,
949 3598 1048 3661 neque
1062 3582 1168 3640 tamen
1183 3576 1339 3641 canticum
1353 3576 1502 3641 stativum
1515 3576 1701 3659 significare:

540 3692 598 3759 sed
627 3690 782 3755 canticum
811 3710 830 3753 a
857 3687 962 3770 choro,
989 3694 1155 3774 postquam
1182 3688 1345 3753 stationem
1373 3709 1461 3753 suam
1489 3688 1523 3752 in
1552 3688 1704 3753 orchestra

541 3801 715 3887 occupavit,
738 3806 793 3865 aut
815 3800 920 3864 statim
941 3805 1011 3885 post
1030 3798 1189 3885 paredum,
1212 3806 1267 3864 aut
1287 3806 1356 3885 post
1376 3799 1511 3885 primum
1533 3798 1705 3884 episodium

542 3924 639 3999 atque
661 3914 741 3978 inter
766 3912 901 4004 episodia
922 3917 1090 3990 cantatum.
1134 3912 1241 3995 Itaque
1262 3910 1341 3975 illud
1369 3911 1402 3975 in
1424 3910 1533 3996 Vespis
1555 3912 1702 3975 stasimon

542 4050 577 4093 re
607 4047 680 4089 vera
706 4045 829 4089 carmen
858 4023 1006 4089 stativum
1034 4030 1093 4107 est,
1122 4044 1184 4088 non
1212 4022 1375 4105 stasimou,
1404 4021 1484 4107 quod
1511 4029 1635 4104 vocant,
1665 4021 1704 4085 ad

541 4138 732 4221 tragicorum
752 4137 850 4220 legem
873 4136 1082 4221 compositum.
1125 4134 1300 4219 Eademque
1328 4135 1450 4199 uidetur
1478 4134 1610 4199 conditio
1639 4154 1704 4197 esse
1736 4205 1740 4211 ,

542 4250 721 4317 carminum
743 4249 825 4334 apud
847 4248 976 4331 tragicos
998 4247 1295 4333 antistrophicorum,
1319 4268 1389 4310 cum
1410 4248 1479 4332 ipsa
1498 4244 1610 4332 paredo
1633 4265 1704 4309 con·

544 4364 740 4442 iunctorum,
770 4360 923 4445 siquidem
945 4357 1141 4423 scholiastam
1161 4358 1234 4423 Eur.
1256 4358 1368 4422 Phoen.
1393 4359 1455 4422 210
1476 4355 1580 4419 Valck.
1603 4355 1704 4439 sequi-

542 4495 633 4540 mur:
657 4472 725 4537 ὅταν
748 4474 804 4559 γὰρ
829 4475 845 4536 ὁ
864 4473 957 4560 χορὸς
981 4473 1053 4557 μετὰ
1075 4474 1129 4556 τὴν
1152 4473 1285 4557 πάροδον
1309 4470 1383 4554 λέγῃ
1406 4495 1432 4533 τι
1456 4469 1556 4554 μέλος,
1592 4470 1705 4552 ἀνῆκον

542 4593 588 4670 τῇ
604 4584 758 4664 ὑποθέσει,
781 4585 918 4673 ἀκίνητος
941 4585 1049 4672 μένων,
1074 4586 1218 4671 στάσιμον
1241 4585 1383 4648 καλεῖται.
1417 4583 1549 4669 πάροδος
1572 4580 1605 4644 δέ
1627 4581 1704 4647 ἐστιν
