4484 5467
565 619 609 672 Dll
627 617 798 673 IVDIOIBVS
816 616 1073 672 ATHENIENSIVM
1089 617 1271 685 unssvsovu
1288 620 1516 680 IVDIGIALIBVS
1563 628 1621 689 111

552 790 695 875 Quinque
723 788 808 854 enim
835 788 935 855 adhuc
962 790 1104 855 novimus
1131 790 1314 870 tribunaha,
1343 792 1405 857 nisi
1431 796 1624 863 contenderis

463 925 498 967 re
521 922 594 968 vera
615 908 760 987 quattuor
781 908 905 993 tantum
926 922 990 967 esse
1013 907 1104 987 atque
1126 904 1159 967 τὸ
1182 901 1293 968 Karsos
1316 903 1399 970 idem
1420 907 1521 971 valere
1543 909 1625 992 quod

461 1017 520 1101 τὴν
540 1013 695 1081 Ἡλιαίαν.
738 1013 820 1078 Fieri
848 1013 931 1078 enim
952 1013 1078 1079 Periclis
1106 1019 1242 1099 tempore
1268 1015 1383 1099 potuit,
1411 1023 1537 1084 utnon
1558 1026 1624 1087 tam

462 1120 544 1193 novo
566 1147 661 1212 quam
681 1126 796 1192 maiore
819 1148 895 1212 opus
918 1130 996 1190 esset
1017 1125 1176 1207 tribunali,
1199 1125 1291 1210 idque
1308 1128 1409 1192 maius
1431 1135 1519 1212 esset,
1542 1133 1624 1215 quod

461 1259 537 1325 prae
558 1239 686 1323 reliquis
707 1244 868 1304 vocaretur
886 1238 1025 1317 Ἧλιαία;
1046 1238 1158 1321 potuit,
1180 1237 1318 1321 inquam,
1340 1226 1415 1303 fieri
1429 1240 1479 1304 vel
1500 1248 1623 1328 propter

461 1350 634 1415 mercedem
666 1372 771 1416 recens
806 1350 1015 1415 constitutam.
1059 1349 1159 1425 Quare
1187 1350 1384 1434 potissimum
1412 1353 1446 1416 τὸ
1474 1355 1576 1419 καινὸν
1605 1375 1623 1418 a

461 1462 602 1528 Xanthia
622 1463 801 1529 nominatur
823 1463 914 1547 Vesp.
935 1463 1006 1542 120,
1029 1459 1111 1545 quod
1133 1467 1164 1526 et
1178 1460 1351 1525 maximum
1372 1467 1403 1526 et
1416 1463 1621 1548 notissimum,

460 1579 569 1659 utpote
584 1580 683 1640 aetate
698 1574 902 1640 novissimum
922 1572 1024 1637 fuerit.
1041 1610 1081 1619 -
1104 1572 1210 1637 Potuit
1223 1593 1343 1657 quoque
1358 1574 1434 1653 fieri,
1457 1582 1500 1654 ut,
1526 1572 1623 1661 quu'm

461 1685 583 1769 reliqua
602 1686 773 1753 tribunalia
793 1686 829 1750 in
850 1687 914 1751 foro
928 1690 1030 1750 vetere
1053 1684 1113 1751 sita
1134 1690 1244 1763 essent,
1267 1685 1351 1750 loeus
1372 1685 1530 1753 iudiciiin
1545 1707 1623 1753 novo

461 1797 595 1864 selectus
615 1798 684 1863 foro.
701 1795 797 1864 etiam
818 1797 892 1863 novi
913 1797 1062 1883 acciperet
1083 1817 1205 1863 nomen.

548 1909 716 1996 Reliquum
738 1916 853 1993 estut
873 1910 965 1976 verbo
986 1916 1111 1993 tangam
1126 1893 1321 1994 Areopagum
1343 1908 1464 1993 aliaque
1486 1913 1551 1977 fora
1572 1914 1622 1979 iu-

462 2020 598 2101 dicialis,
621 2041 752 2107 quorum
772 2042 836 2087 non
857 2022 940 2107 apud
953 2021 1192 2107 Aristophanem
1213 2020 1267 2084 scd
1288 2021 1492 2088 ascholiastis
1506 2024 1623 2090 Comici

459 2133 498 2197 fit
526 2134 651 2199 mentio.
695 2133 866 2200 Scholiasta
893 2133 989 2217 igitur
1015 2134 1048 2197 L.
1076 2133 1112 2197 B.
1141 2132 1222 2217 (cod.
1250 2132 1335 2196 Voss.
1365 2132 1449 2198 Leid.
1478 2140 1509 2199 et
1536 2130 1622 2200 Pari-

461 2244 555 2309 siens.
572 2245 673 2329 2715)
693 2247 733 2311 ad
754 2245 836 2311 Plut.
860 2246 957 2310 1166:
978 2246 1046 2331 περὶ
1067 2246 1101 2310 δὲ
1122 2249 1182 2309 τῶν
1204 2246 1391 2331 γραμμάτων
1414 2248 1463 2310 καὶ
1486 2238 1621 2334 δικαστιγ-

463 2356 537 2443 ρίονν
558 2355 732 2443 Ἀθηναίων
763 2357 879 2445 ἔφημεν
908 2355 1032 2422 ὄπισθεν
1061 2357 1097 2441 (ἰ.
1120 2378 1147 2421 e.
1171 2355 1210 2421 ad
1232 2355 1325 2439 277),
1354 2361 1420 2427 πῶς
1448 2358 1479 2422 ἐν
1502 2359 1627 2446 ἑκάστῳ,

460 2467 501 2553 ἦν
523 2471 734 2557 γεγραμμένον
758 2475 923 2557 στοιχεῖον,
946 2471 977 2535 ἐν
1003 2470 1056 2555 μὲν
1078 2477 1125 2556 τῷ
1143 2468 1335 2555 Ἀρεοποίγου
1358 2470 1540 2556 δικαστηρίῳ
1562 2472 1620 2557 πρὸ

459 2583 523 2645 τῶν
544 2581 649 2668 θυρῶν
672 2582 875 2668 ἐπεγέγραπτο
898 2580 936 2660 α’,
960 2582 990 2646 ἐν
1007 2582 1041 2645 δὲ
1055 2589 1096 2665 τῇ
1114 2581 1241 2666 Ἡλιαίᾳ
1262 2579 1301 2666 η’,
1324 2581 1354 2645 ἐν
1375 2582 1409 2644 δὲ
1430 2588 1476 2667 τῳ
1497 2581 1528 2647 ἐν
1546 2582 1621 2668 Φρε-

459 2697 550 2757 αττοῖ
569 2692 611 2773 δ’,
633 2696 683 2758 καὶ
704 2695 736 2759 ἐν
752 2698 817 2764 τοῖς
839 2676 1141 2763 λοιποῖςὶὼσαίιτως·
1163 2693 1211 2757 διὰ
1232 2695 1322 2756 τοῦτο
1347 2691 1417 2779 ἔφη,
1441 2693 1620 2760 σπεύδουσιν

460 2805 492 2869 ἐν
517 2790 840 2893 πολλοῖςγεγράφθαι
861 2807 1044 2891 γράμμασιν.
1072 2808 1104 2867 et
1125 2803 1218 2869 schol.
1242 2804 1318 2867 Ven.
1349 2803 1389 2867 ad
1410 2804 1493 2870 Plut.
1524 2808 1621 2882 not:

459 2916 646 3003 γεγράφθαι]
670 2918 733 2982 ἀντὶ
753 2921 810 2981 τοῦ·
832 2917 1022 3001 ὠνομάσθαι,
1045 2915 1124 2979 ὥστε
1145 2916 1195 2980 καὶ
1215 2917 1361 3000 ἡλιαστὰς
1383 2916 1460 2981 εἶναι
1482 2919 1533 2982 καὶ
1550 2942 1621 2983 παν-

458 3032 561 3113 ταχοό
582 3027 710 3099 ἑαυτοὺς
731 3030 918 3115 ἐγγραφῆναι
941 3028 1170 3101 σπουδάζοντες.
1207 3026 1364 3114 βούλονται
1394 3028 1428 3091 δὲ
1456 3028 1487 3092 ἐν
1509 3028 1620 3115 Ἀρείῳ

459 3141 569 3224 πάγῳ,
600 3139 758 3228 βούλονται
780 3141 815 3205 δὲ
836 3142 886 3204 καλ
907 3141 938 3204 ἐν
962 3138 1047 3225 ἄλλῳ
1071 3139 1253 3225 δικαστηρίῳ
1276 3139 1514 3225 ἀναστρέφεσθαι
1536 3138 1622 3222 (Ald.

458 3248 703 3337 ἀναγράφεσθαι,
732 3251 814 3336 quod
834 3250 1067 3336 praeferendum
1089 3249 1183 3328 duco,
1205 3250 1268 3315 nisi
1288 3249 1379 3314 malis
1401 3252 1620 3339 ἐγγράφεσθαι)

458 3360 564 3425 διὰτὸ
589 3364 631 3447 μὴ
656 3364 758 3450 ἀργεῖν
780 3364 871 3435 ὅλως.
915 3362 991 3447 (cfr.
1019 3361 1125 3447 Steph.
1153 3361 1227 3446 Bya.
1255 3383 1280 3427 s.
1307 3383 1336 3426 ν.
1357 3361 1422 3449 Ἀρ.
1449 3389 1490 3443 cc,
1512 3364 1621 3447 fragm.

459 3470 633 3537 Philochor.
655 3474 741 3559 apud
760 3471 971 3540 Muelleruml
986 3493 1015 3559 p.
1037 3473 1099 3539 386
1111 3495 1157 3558 sq.
1180 3474 1258 3553 394,
1279 3474 1374 3539 iteam
1386 3474 1539 3540 Hellanic.
1560 3475 1580 3539 l.
1596 3475 1616 3540 l.

455 3605 491 3668 p.
509 3583 566 3648 54.Δ
583 3584 650 3668 56.)
827 3602 831 3607 ·
1377 3651 1380 3656 ,

514 3755 516 3759 ,
544 3693 663 3762 Novem
684 3697 898 3777 tribunalium
920 3699 1079 3785 Areoon
1096 3690 1236 3786 'excepta
1258 3699 1385 3765 nomina
1406 3698 1576 3768 Pausanias
1597 3700 1627 3795 l,

458 3805 512 3885 28,
540 3805 562 3870 8
584 3828 652 3893 sqq.
673 3814 841 3895 percenset.
885 3810 968 3876 Sunt
985 3816 1093 3876 autem
1114 3812 1149 3876 τὸ
1170 3812 1378 3901 Παράβυστον,
1399 3814 1433 3878 τὸ
1456 3812 1622 3901 Τρίγωνον,

458 3920 493 3983 τὸ
509 3918 713 4008 Βατραχιοόν,
734 3923 768 4005 τὸ
786 3921 970 4003 Φοινικιοόν,
993 3924 1170 4009 ἡἯλιαία,
1192 3924 1226 3990 τὸ
1249 3926 1297 3989 ἐπὶ
1318 3924 1492 4011 Παλλαδίῳ,
1514 3928 1548 3991 τὸ
1571 3929 1619 3991 ἐπὶ

454 4031 624 4117 Δελφινίῳι·
636 4033 673 4097 ’τὸ
695 4029 1107 4120 se(P01l.Vlll,120tet)
1129 4029 1314 4123 Πρυτανείῳ,
1336 4036 1370 4100 τὸ
1394 4037 1442 4100 ἐπὶ
1466 4037 1619 4124 Φρεαττοῖ

453 4143 522 4207 sive
546 4143 706 4230 Φρεαττύς.
750 4144 796 4209 De
823 4146 959 4231 quinque
981 4165 1057 4212 vero
1074 4148 1148 4213 loris
1169 4147 1337 4234 Areopagi,
1365 4145 1516 4229 Palladii,
1545 4148 1618 4211 Dal-

453 4253 577 4340 phiuii,
599 4254 759 4339 Prytanei,
788 4253 961 4343 Plueattyis
983 4258 1100 4344 liquide
1120 4266 1157 4325 et
1175 4260 1311 4346 exposite
1332 4257 1412 4322 dixit
1433 4259 1520 4322 Dem.
1543 4261 1618 4325 κατὰ

452 4365 632 4453 ’Apoeaeup⁴
651 4388 682 4453 p.
708 4370 904 4452 eor—6453
926 4369 1035 4436 ecdem
1058 4378 1148 4437 vocat
1171 4392 1201 4458 μ’
1222 4374 1291 4437 640
1317 4370 1404 4436 πέντε
1430 4373 1623 4457 δικαστήρια(

452 4478 570 4543 Ducem
609 4478 704 4544 luisoe
742 4482 810 4545 lore
834 4477 1001 4547 iudicialla'
1024 4478 1157 4549 Athenis
1190 4479 1371 4549 scholiastae
1405 4480 1499 4545 Arist.
1534 4481 1615 4546 Plut.

452 4591 523 4656 1177
548 4589 690 4675 pluribus
717 4591 854 4659 uadunt
898 4595 935 4659 In
961 4596 1020 4670 isto
1047 4597 1144 4679 igitur
1174 4596 1310 4679 catalogo
1341 4595 1454 4660 desunt
1479 4594 1615 4674 nemina,
