4484 5467
540 592 583 655 60
921 588 1110 643 Phocaeam
1146 586 1259 643 (lAPVT
1276 588 1312 643 111

539 760 800 846 ingeniosissimus
810 758 1051 845 facetiarumque
1061 759 1266 846 plenissimas,
1280 759 1338 825 hoc
1354 766 1538 828 ornamento
1548 784 1623 829 usas
1636 784 1690 831 ome

539 874 680 942 dixerim.
713 872 776 938 Cur
792 872 939 939 tandem?
960 873 1028 940 Non
1045 879 1168 960 propter
1184 867 1361 955 mulierum,
1379 893 1458 959 quae
1476 873 1513 939 in
1524 882 1621 942 scena
1634 898 1691 943 vor·

539 994 664 1066 santur,¹
677 984 825 1052 maiorem
846 1005 1020 1069 numerum,
1050 986 1104 1051 sed
1128 984 1210 1071 quod
1232 985 1345 1071 ubique
1369 985 1502 1052 verbum
1526 987 1577 1053 rei
1601 989 1692 1056 locun

538 1100 665 1182 obtinet
681 1120 794 1166 nomen
804 1097 903 1185 phalli
912 1079 962 1163 vel
972 1097 1060 1185 copie
1072 1120 1108 1164 ac
1122 1097 1255 1165 varietas
1269 1097 1432 1166 nominum
1445 1117 1504 1185 pro
1518 1100 1591 1187 ipso
1600 1102 1694 1187 phdlo

538 1219 609 1279 est·
638 1210 833 1278 comoediam
852 1210 947 1294 igitur
960 1210 1177 1297 Aristophanis
1187 1232 1208 1276 a
1220 1210 1372 1297 phallicis,
1390 1233 1411 1277 a
1425 1212 1534 1278 tabula
1547 1214 1695 1299 Megarica

539 1325 738 1395 dusmense
759 1322 893 1389 maxime
914 1343 947 1389 re
968 1322 1109 1402 dixerim,
1132 1322 1212 1407 quod
1234 1322 1269 1388 in
1290 1322 1353 1389 illis
1367 1324 1510 1409 phullum
1523 1328 1695 1414 conspicere

539 1458 645 1504 omnes
658 1440 850 1514 consuerant,
864 1435 945 1519 quod
959 1434 1201 1520 conspiciebatur
1214 1435 1345 1522 phallus,
1366 1456 1429 1502 non
1443 1436 1551 1504 verbis
1565 1438 1695 1525 iocisque

539 1549 768 1636 depingebant,
780 1548 855 1613 dum
866 1547 1020 1614 comoedia
1030 1546 1159 1632 antiqua
1169 1553 1224 1612 aut
1235 1569 1316 1613 uuus
1327 1547 1462 1614 maxime
1473 1549 1696 1639 Aristophane

538 1662 640 1728 verbis
649 1661 750 1745 tangit
760 1660 1050 1746 gestibusquetungi
1060 1658 1110 1726 vel
1118 1658 1286 1742 significari
1294 1660 1480 1747 iubetqucd
1491 1662 1693 1731 velatumest

539 1774 626 1852 Quod
647 1773 852 1839 certissimum
874 1774 951 1840 duoc
971 1777 1202 1856 argumentum
1230 1794 1266 1841 eo
1292 1771 1378 1838 enim
1401 1774 1503 1859 magis
1529 1781 1642 1861 poetae
1662 1776 1695 1841 de

538 1908 615 1952 sexu
640 1891 771 1972 utroque
798 1884 1086 1968 subclamabant,
1114 1885 1195 1971 quod
1222 1885 1305 1972 ipsas
1337 1885 1503 1970 imagines·
1522 1888 1694 1975 conspicere

538 2000 671 2066 vetitum
702 2004 778 2065 erat
832 1999 916 2083 Roga
946 2003 1112 2080 nostrates,
1144 1997 1229 2063 idem
1260 2019 1299 2063 ex
1329 2019 1414 2065 more
1448 2020 1517 2064 esse
1554 2000 1694 2087 reperies,

538 2111 655 2178 scilicet
681 2119 854 2198 temporum
880 2110 998 2177 ratione
1025 2110 1141 2175 habita
1184 2110 1251 2176 lam
1276 2110 1350 2178 huic
1376 2111 1561 2193 sententiae,
1590 2134 1694 2200 quam·

539 2248 632 2312 quam
662 2226 791 2312 ‘probari
829 2224 926 2309 magis
963 2219 1072 2310 quam'
1095 2222 1218 2288 defendi
1249 2228 1363 2309 potest,
1397 2222 1540 2292 Comicus
1575 2205 1694 2293 diserh's

539 2340 641 2406 verbis
662 2338 841 2426 opitulatur.
884 2336 988 2402 Primo
1009 2336 1084 2419 loco,
1106 2342 1143 2401 ut
1164 2357 1219 2422 par
1239 2341 1301 2416 est,
1324 2357 1436 2423 ponam
1456 2336 1540 2403 Nub.
1564 2360 1598 2404 v.
1620 2339 1693 2405 537:

647 2452 745 2522 ὡςδὲ
768 2452 897 2538 σώφρων
921 2450 983 2515 ἐστὶ
1004 2449 1092 2537 φύσει
1116 2448 1273 2535 σκέψασθ’.
1296 2450 1361 2534 ἥτις
1382 2452 1488 2537 πρῶτα
1511 2451 1569 2536 μὲν

647 2562 734 2627 οὐδὲν
758 2562 837 2648 ἦλθε
861 2562 1021 2649 ῥαψαμένη
1044 2562 1177 2627 σκάτινον
1200 2561 1390 2647 καθειμένον,

645 2675 772 2762 ἐρυθρὸν
796 2675 828 2749 ἐξ
850 2672 955 2761 άκροο,
977 2673 1071 2760 παχὺ,
1092 2677 1157 2745 τοῖς
1178 2674 1308 2745 παιδίοις
1327 2673 1367 2739 ἵν’
1391 2671 1415 2759 γ’γ’
1436 2674 1551 2760 γέλως·

567 2836 568 2841 ,
1003 2806 1005 2812 ’
1033 2823 1074 2832 -
1089 2785 1170 2851 οὐδὲ
1190 2784 1317 2874 κόρδαχ’
1342 2784 1485 2853 chaum

538 2899 736 2977 scholiastae,
758 2919 888 2983 quorum
910 2897 944 2962 in
965 2896 1014 2961 his
1035 2897 1127 2961 rebus
1149 2897 1313 2963 auctoritas
1334 2898 1418 2963 flocci
1440 2904 1496 2981 est,
1519 2899 1605 2984 quod
1625 2899 1693 2965 ubi·

538 3033 598 3098 que
619 3011 759 3097 phullum
785 3009 980 3105 vident‚¹ita
1007 3030 1037 3074 v.
1060 3008 1122 3073 538
1150 3010 1314 3096 explicant
1342 3011 1435 3076 Rau:
1470 3008 1616 3096 εἰσῄεσαν
1638 3013 1692 3099 γὰρ

539 3127 568 3189 οἱ
588 3128 718 3211 κωμικοὶ
740 3124 937 3210 διεζωσμέναι
960 3124 1119 3209 δερμάτινα
1142 3123 1244 3188 αἰδοῖα
1265 3125 1387 3209 γελοίου
1408 3125 1507 3212 χάριν.
1524 3123 1624 3190 Vaut:
1645 3124 1691 3190 ee-

481 3311 483 3315 ,
538 3243 583 3303 λοι
609 3239 643 3303 δὲ
670 3240 762 3303 εἰπεῖν
791 3237 903 3309 αὐτοὺς
924 3238 1074 3323 φορτικῶς
1100 3236 1396 3322 χαριεντιζομένους,
1424 3241 1456 3300 et
1476 3234 1516 3300 ad
1539 3236 1692 3305 σκῶτινοντ

538 3352 713 3438 δερμάτινον
741 3352 857 3436 ἱμάτιον
889 3346 1018 3435 μακρόν,
1044 3349 1149 3419 καθώς
1174 3372 1251 3420 τινες
1272 3348 1369 3436 ἕτεροι
1390 3350 1522 3434 κωμικοὶ
1542 3354 1693 3416 ποιοῦσιν.

536 3462 574 3527 In
595 3462 655 3545 his,
677 3483 755 3549 quae
777 3462 865 3528 nohis
884 3460 957 3526 usui
978 3480 1043 3525 esse
1060 3461 1199 3545 possunt,
1222 3482 1260 3525 ex
1280 3460 1348 3546 ipso
1362 3460 1485 3526 Comioo
1506 3465 1583 3525 nata
1604 3467 1694 3539 sunt3

536 3573 615 3638 illud
630 3575 714 3639 enim
728 3575 849 3660 γελοίου
864 3577 951 3661 χάριν
971 3578 1091 3659 praeter
1105 3572 1210 3638 Nubes
1232 3572 1326 3638 etiam
1338 3572 1374 3637 in
1388 3573 1498 3658 Vespis
1518 3580 1566 3639 est
1588 3596 1620 3640 v.
1636 3576 1677 3641 57
1685 3601 1693 3640 ε

540 3686 613 3772 μηδ’
638 3684 676 3751 αὖ
698 3686 816 3772 γέλωτα
835 3686 1011 3774 Μεγαρόθεν
1034 3684 1254 3772 κεκλεμμένονε
1274 3705 1362 3770 porro
1377 3689 1527 3773 φορτικῶς
1547 3686 1634 3752 idem
1647 3694 1694 3753 at·

538 3820 597 3884 que
625 3798 658 3862 in
680 3799 770 3885 Vesp.
800 3800 840 3864 66
867 3800 1033 3884 κωμῳδίας
1060 3800 1094 3863 δὲ
1121 3802 1266 3886 φορτικῆς
1295 3800 1476 3885 σοφώτερον.
1519 3798 1570 3865 Ad
1599 3822 1631 3865 ν.
1654 3801 1694 3865 57

537 3911 701 3977 scholiasta
720 3911 878 3997 Eupolidis
900 3933 1023 3977 versum
1050 3911 1139 3985 affert
1159 3911 1192 3975 τδ
1217 3909 1342 3996 σκῶμμ’
1375 3910 1501 3995 ἀσελγὲς
1522 3912 1572 3975 καὶ
1594 3912 1694 3998 Μεγα-

539 4024 766 4112 ρικδνσφὸδρα
780 4025 846 4108 (cir.
869 4005 966 4089 Mein..
987 4025 1026 4088 Η.
1050 4045 1093 4088 cr.
1115 4045 1145 4108 p.
1168 4024 1233 4107 21).
1278 4021 1320 4088 Th
1344 4027 1478 4108 σκῶμμα
1500 4027 1532 4086 et
1555 4024 1571 4087 ὁ
1594 4025 1694 4109 γέλως

537 4137 604 4222 ipse
626 4138 836 4216 siluissent,
859 4137 897 4202 ah
918 4136 1124 4221 Aristophane
1145 4135 1290 4220 aliisque,
1318 4134 1444 4199 fortasse
1465 4154 1527 4199 non
1549 4131 1695 4203 omnibus

537 4248 634 4335 poetis
656 4249 782 4314 abieoto.
827 4248 925 4313 Multo
953 4249 1046 4313 etiam
1068 4248 1167 4331 magis
1189 4248 1353 4334 parabases
1374 4246 1567 4330 fabularum,
1595 4248 1695 4335 inpri-

536 4362 597 4427 mis
630 4363 766 4447 quinque
798 4361 935 4447 priorum
968 4361 1205 4447 Aristophanem
1239 4360 1421 4443 magistrum
1458 4359 1594 4442 civium,
1634 4381 1696 4426 uon

538 4494 674 4540 scurram
696 4497 762 4542 esse
783 4472 916 4540 voluisse
939 4473 1113 4538 ostendunt.
1153 4474 1235 4550 Quas
1258 4472 1426 4537 describere
1448 4493 1545 4558 quum
1567 4472 1696 4559 longum

538 4584 589 4669 sit,
604 4586 671 4653 olio
692 4610 776 4655 nuno
797 4594 875 4654 utar·
889 4586 1075 4659 testimonio.
1118 4584 1235 4651 Notum
1257 4591 1303 4651 ost
1324 4585 1407 4665 satis,
1429 4585 1464 4649 in
1485 4586 1696 4656 Acheruensi·
