4484 5467
631 650 676 703 DE
693 649 865 704 IVDIGIBVS
884 649 1142 705 ATHENIENSIVM
1160 650 1340 717 REBVSQVE
1358 653 1586 710 lvnromnlssvs
1638 658 1699 723 163

536 821 783 906 unumquodque
811 821 1007 885 dicasterium
1036 823 1110 905 Lyci
1144 822 1243 886 herois
1276 823 1437 902 sacellum,
1471 832 1563 911 atque
1596 828 1629 893 id
1660 829 1700 893 ad

535 932 646 1018 ipsum
674 931 829 997 dieastorii
855 933 1017 999 introitum
1046 936 1150 1013 fuisse,
1179 933 1292 1017 ibique,
1321 935 1438 1000 scilicet
1465 936 1505 999 ad
1526 937 1698 1022 introitum,

538 1044 723 1110 colaoretam
751 1044 904 1109 iudicibus
935 1045 1118 1110 exeuntibus
1148 1052 1178 1109 et
1204 1046 1377 1129 symbolum
1405 1046 1598 1113 tradentibus
1620 1072 1700 1115 mer·

539 1157 648 1223 cedem
670 1157 844 1222 exsolvisse.
889 1158 956 1234 Qua
977 1158 1115 1222 mercede
1138 1159 1288 1242 quomodo
1302 1165 1463 1224 uterentur
1477 1160 1602 1238 iudices,
1624 1162 1700 1226 satis

540 1269 709 1335 declaravit
732 1270 875 1335 Comicus
897 1270 931 1333 in
953 1271 1062 1355 Vespis
1085 1272 1146 1334 991
1164 1292 1239 1354 sqq,
1262 1291 1322 1354 quo
1344 1269 1437 1334 simul
1455 1270 1581 1349 indicat,
1602 1273 1699 1336 Athe-

539 1382 665 1447 nienses
694 1404 816 1446 summa
843 1404 914 1446 oum
943 1383 1112 1467 pertinacia
1145 1384 1223 1448 hanc
1252 1383 1424 1448 mercedem
1445 1389 1476 1447 et
1497 1384 1648 1468 appetisse
1670 1391 1701 1448 et

540 1494 724 1559 defendisse.
769 1494 849 1576 Lyco
877 1513 965 1578 porro
994 1501 1030 1558 ut
1051 1495 1137 1560 heroi
1159 1494 1278 1580 vesperi
1300 1495 1464 1559 sacrificari
1492 1496 1537 1559 ias
1559 1501 1640 1578 erat,
1669 1517 1699 1561 v.

539 1606 617 1672 Lob.
638 1605 788 1690 Aglaoph.
810 1627 839 1690 p.
862 1605 935 1669 419.

629 1716 725 1781 XXV.
770 1715 861 1781 Satis.
904 1715 1116 1781 Percurrimus
1138 1716 1344 1802 Aristophane
1366 1718 1416 1782 usi
1437 1718 1513 1783 duce
1535 1718 1636 1782 locum
1651 1718 1701 1782 hic

541 1828 610 1894 illio
632 1827 825 1912 impeditum.
869 1828 936 1892 Iam
957 1848 1036 1911 quae
1057 1834 1176 1893 restant
1197 1835 1228 1893 et
1249 1829 1430 1912 gravissima
1457 1835 1488 1892 ot
1510 1829 1700 1907 difficillima,

540 1940 645 2025 qualis
673 1939 770 2025 ipsius
797 1938 926 2004 actionis
956 1939 1012 2018 sit,
1041 1940 1142 2023 qualis
1170 1962 1333 2005 causarum
1361 1961 1509 2024 generum
1530 1941 1701 2026 descriptio,

541 2074 581 2117 ea
602 2057 671 2136 post
692 2050 852 2133 Boeclrhii,
882 2048 1088 2115 Schoemanni
1109 2050 1294 2135 Meierique,
1317 2053 1489 2116 Hermanni
1511 2052 1702 2135 aliorumque

542 2184 633 2229 curas
662 2162 779 2227 intaeta
805 2161 977 2246 relinquere
1006 2161 1100 2227 decet.
1151 2163 1256 2248 Neque
1283 2163 1416 2228 multum
1446 2162 1586 2227 Comicus
1614 2163 1701 2243 lucis,
1735 2139 1740 2150 ’

530 2274 626 2360 ‘quod
652 2273 777 2358 quidem
806 2274 845 2338 ad
872 2273 1039 2339 discrimen
1072 2274 1228 2365 actionum
1261 2275 1387 2353 attinet,
1421 2274 1561 2339 affundit.
1605 2276 1702 2351 Quem

541 2406 616 2451 voce
645 2390 700 2469 τῆς
729 2386 828 2471 δίκης,
857 2406 954 2470 quum
982 2385 1081 2450 multa
1109 2388 1275 2470 significet,
1306 2393 1337 2450 et
1363 2386 1516 2451 iustitiam
1544 2393 1575 2451 et
1603 2388 1652 2452 ius
1674 2393 1706 2450 et

543 2518 667 2562 causam
692 2495 903 2581 actionemque
926 2503 957 2561 et
977 2519 1108 2582 poenam
1129 2498 1340 2583 mulctamque
1362 2504 1393 2562 et
1407 2519 1531 2563 causam
1552 2498 1705 2583 privatam

542 2609 770 2696 publicamque,
794 2628 1013 2693 saepenumero
1034 2610 1217 2695 saepiusque
1239 2630 1333 2693 quam
1354 2615 1409 2694 τῆς
1431 2617 1550 2698 γραφῆς
1572 2611 1706 2689 nomine,

545 2720 752 2786 accusationis
774 2720 915 2785 libellum
937 2721 1145 2804 significante,
1173 2742 1265 2785 usum
1296 2742 1361 2786 esse
1390 2730 1627 2787 consentaneum
1650 2728 1705 2786 est.

546 2834 712 2918 Propterea
733 2832 852 2896 ratione
873 2853 1023 2917 perquam
1043 2833 1131 2899 varia
1152 2816 1265 2895 nomen
1287 2835 1306 2917 t,
1332 2834 1398 2919 δίκη
1421 2855 1493 2897 oum
1515 2834 1584 2897 aliis
1606 2834 1706 2897 norni-

546 2945 641 3011 nibus
664 2950 694 3008 et
718 2943 819 3009 verbis
841 2944 1040 3010 coniunctum
1069 2944 1252 3030 reperimus3
1284 2944 1461 3028 saepissime
1490 2946 1573 3030 δίκην
1602 2949 1705 3010 δοῦναι

548 3056 683 3144 (vicies),
709 3075 765 3142 pro
793 3076 853 3139 quo
880 3063 1047 3142 usurpatur
1077 3060 1102 3121 δ.
1133 3057 1319 3143 ὀφλισκάνειν
1347 3054 1442 3139 (Nub.
1471 3056 1521 3118 34.
1552 3058 1624 3120 777.
1647 3058 1706 3121 Αν.

552 3170 648 3234 1437.
675 3167 792 3233 Eccles.
823 3168 884 3231 656
913 3168 981 3253 (τινὶ
1003 3170 1084 3255 παρὰ
1110 3173 1175 3238 τοῖς
1202 3166 1360 3254 ἄρχουσι),
1396 3169 1421 3230 δ.
1449 3167 1569 3231 ἐκτίνειν
1595 3166 1706 3231 Eccles.

549 3282 626 3347 656.
671 3280 762 3344 Porro
785 3279 822 3343 de
843 3280 944 3343 furore
966 3278 1105 3343 iudiciali
1120 3279 1237 3343 dietum
1258 3280 1341 3349 δίκας
1356 3280 1523 3343 καταπίνειν
1537 3279 1597 3341 Αν.
1616 3279 1707 3341 1439.

547 3394 629 3458 Ran.
655 3393 752 3471 14663
781 3394 806 3456 δ.
829 3396 936 3478 φαγεῖν
962 3392 1000 3456 V.
1026 3393 1125 3471 13673
1152 3392 1203 3455 eui
1230 3390 1331 3455 simile
1358 3393 1519 3477 πράγματα
1547 3392 1596 3455 καὶ
1624 3391 1707 3461 δίκας

551 3505 636 3592 ἔχειν
657 3504 749 3588 Vesp.
775 3503 867 3567 1392.
911 3502 1072 3566 Iudicandi
1091 3502 1221 3566 verbum
1242 3501 1479 3565 usitatissimum
1508 3506 1554 3564 est
1581 3504 1709 3575 δικάζειν

551 3615 758 3702 (undevicies,
780 3615 815 3679 ni
836 3614 947 3698 fallor),
971 3635 1194 3697 nonnunquam
1218 3616 1391 3690 δικάζεσθαι
1413 3614 1493 3677 Nub.
1514 3614 1587 3677 496.
1613 3615 1710 3695 1141;

547 3736 621 3794 tum
642 3727 726 3799 δίκας
748 3729 877 3802 δικάζειν
899 3726 990 3811 νεερ.
1013 3727 1087 3789 414.
1110 3726 1184 3790 801.
1219 3728 1303 3813 δίκην
1332 3727 1427 3811 λέγειν
1457 3745 1582 3789 causam
1611 3725 1710 3790 dicere

548 3840 643 3924 Vesp.
671 3840 732 3903 777
761 3843 792 3901 et
819 3838 930 3902 omisso
957 3836 1050 3902 verbo
1080 3837 1174 3922 δίκην,
1197 3839 1360 3911 ἐκδικάζειν
1381 3838 1437 3922 Eq.
1461 3839 1517 3918 503
1546 3837 1711 3902 accusandi

550 3953 637 4038 δίκην
664 3952 833 4036 γράφεσθαι
861 3949 942 4014 Nub.
974 3948 1045 4027 758,
1076 3952 1248 4036 διαγράφειν
1276 3949 1356 4013 Nub.
1379 3950 1452 4014 774.
1487 3950 1554 4035 δίκη
1578 3955 1711 4015 καλεῖται

549 4063 634 4128 Nub.
658 4062 726 4126 780.
765 4066 791 4127 ὃ.
813 4066 915 4127 καλεῖν
937 4061 1029 4146 Vesp.
1052 4060 1124 4124 825.
1148 4061 1220 4125 830.
1252 4062 1348 4142 1441;
1377 4061 1450 4125 hinc
1479 4061 1563 4147 δίκην
1585 4063 1713 4145 εἰσάγειν

548 4173 633 4240 Nub.
655 4174 728 4238 782.
761 4173 852 4259 Vesp.
876 4173 953 4252 8263
977 4176 1002 4238 δ.
1027 4175 1211 4261 διορίζεσθαι
1227 4172 1304 4236 Ach.
1321 4174 1398 4248 3643
1421 4172 1500 4237 actio
1521 4194 1631 4237 causae
1646 4173 1712 4257 δίκη

550 4289 705 4353 ἐνεστῶσα
733 4283 816 4350 Nub.
840 4286 918 4365 7793
946 4284 1012 4348 litis
1039 4283 1213 4348 aestimatio
1241 4286 1359 4371 τίμημα
1386 4286 1559 4371 ἐπιγράφειν
1580 4291 1621 4367 τῇ
1643 4283 1712 4367 δίκγγ

550 4398 638 4464 Plut.
661 4398 740 4477 4803
764 4397 910 4462 damnare
933 4400 959 4461 δ.
982 4399 1231 4481 καταγιγνώσκειν
1253 4396 1308 4479 Eq.
1327 4396 1423 4475 1316;
1446 4395 1523 4458 alias
1537 4397 1715 4479 καταγιγνώ-

552 4533 636 4577 σκειν
659 4508 771 4573 omisso
793 4508 918 4572 nomine
942 4510 1041 4594 δίκης;
1064 4508 1242 4572 absolvendi
1264 4507 1394 4571 verbum
1416 4514 1463 4570 est
1486 4508 1569 4593 δίκην
1586 4507 1716 4593 ἀποφεύ-

551 4647 617 4707 γειν
647 4620 726 4686 Nub.
759 4622 829 4684 167.
861 4621 953 4684 1151.
996 4619 1078 4684 Plut.
1110 4622 1189 4685 1181
1222 4619 1308 4704 (indo
1338 4620 1422 4704 δίκης
1451 4618 1614 4706 άπάφευξις
1636 4618 1716 4682 Nub.

1512 4721 1563 4775 ll*
