4484 5467
539 596 606 659 58,
668 637 671 642 ·
921 596 1109 655 mouuool.
1145 597 1258 652 GAPVT
1276 596 1313 652 111

539 768 635 855 ὀσφὺς
655 769 689 843 ἐξ
711 768 812 856 ἄκρων
834 771 1022 857 nuncupari,
1052 775 1072 859 ἡ
1097 772 1194 860 ὀσφὺς
1215 776 1320 837 autem
1340 778 1373 837 et
1393 773 1499 859 ipsum
1522 793 1556 840 os
1578 775 1689 840 tuorum

538 885 570 946 et
595 879 717 946 lumbos
746 887 897 949 extremos
924 882 1006 949 oiroa
1033 905 1066 950 oa
1088 903 1210 949 eaerum
1230 883 1404 968 significare
1424 905 1530 971 posse,
1553 907 1691 952 nonnun-

538 1012 632 1077 quam
654 992 749 1059 etiam
770 993 851 1059 idem
880 994 982 1059 valere
1008 995 1090 1080 quod
1112 994 1212 1084 ὄρρος,
1234 1015 1423 1082 quamquam
1450 997 1485 1063 in
1509 997 1692 1083 Lysistratus

537 1103 559 1169 l.
573 1103 596 1169 l.
610 1110 777 1190 utrumque
798 1105 926 1171 verbum
949 1106 1091 1173 adhibuit
1112 1114 1202 1193 poeta
1222 1108 1292 1192 (oh.
1306 1108 1384 1175 Rau.
1399 1109 1473 1175 223.
1498 1110 1573 1176 Pae.
1593 1109 1692 1195 1239)

537 1215 604 1281 Iam
625 1215 705 1282 illud
725 1218 804 1282 mihi
831 1218 936 1284 videon
963 1219 1112 1299 eifeeiase',
1135 1227 1172 1285 ut
1193 1205 1352 1286 Gomieum
1373 1219 1549 1306 vesperum
1571 1222 1692 1287 eborum

538 1328 643 1395 aenieo
664 1329 826 1395 donavisse
847 1331 887 1395 ad
909 1352 942 1397 os
963 1352 1085 1396 eaerum
1107 1332 1156 1396 vel
1178 1330 1360 1398 adlumbos
1381 1338 1537 1400 extremos
1561 1332 1695 1417 alligato,

538 1446 656 1506 eertum
678 1441 728 1507 ait
771 1441 878 1527 Neque
904 1445 1027 1509 obstant
1047 1450 1153 1529 poetae
1175 1443 1283 1525 verba3
1310 1443 1415 1523 immo,
1436 1443 1530 1509 modo
1551 1444 1693 1531 respicia-

537 1574 617 1633 mus,
638 1560 843 1639 spectatorum
865 1576 958 1620 eausa
979 1554 1029 1638 agi
1051 1556 1169 1635 omnia,
1198 1555 1339 1620 aculeum
1365 1556 1462 1621 istum
1494 1575 1623 1643 semper
1641 1576 1694 1621 eos

539 1657 610 1729 ant'e
639 1665 741 1732 oeulos
768 1666 920 1746 habuisse,
948 1666 1082 1731 maxime
1104 1673 1151 1731 eat
1171 1673 1419 1732 consentaneum
1463 1668 1579 1752 Quane,
1603 1689 1693 1756 quum

538 1776 690 1842 Xanthias
711 1778 824 1859 elamat
844 1800 874 1845 ν.
896 1779 974 1844 420:

651 1890 821 1978 Ἡράκλεις,
842 1893 893 1957 καὶ
913 1869 1017 1978 κέντρ’1
1030 1890 1165 1979 ἔχουσιν,
1189 1892 1248 1978 οὐχ
1271 1880 1404 1980 optes&
1426 1892 1578 1972 dietum

538 2003 648 2068 ohorus
680 2023 803 2068 summa
835 2002 932 2067 animi
967 2002 1160 2088 corporisque
1196 2003 1376 2070 incitatione
1412 2023 1521 2069 vorsus
1557 2004 1695 2090 proxime

539 2117 751 2182 antecedentes
774 2114 900 2195 cecinit,
928 2121 965 2180 ut
991 2136 1097 2181 servus
1124 2115 1201 2181 bene
1222 2116 1357 2202 potuerit
1377 2114 1554 2201 oonspieore
1577 2116 1695 2182 aeuloos

539 2230 599 2294 hue
626 2228 700 2293 illue
728 2233 881 2293 nutantes.
924 2227 1002 2292 Item
1030 2229 1140 2294 chorus
1171 2228 1360 2293 adversarios
1391 2247 1463 2293 suos
1495 2247 1695 2313 aggressurus

537 2361 701 2426 vesparum
733 2339 831 2423 magis
864 2361 957 2423 quam
989 2339 1151 2405 homiuum
1183 2360 1292 2425 vespas
1323 2339 1517 2405 imitantium
1550 2346 1695 2406 naturam

539 2452 676 2518 simulat
720 2451 801 2516 lllud
822 2450 923 2515 enims
946 2452 977 2516 ἕν
1001 2476 1027 2516 τι
1051 2476 1098 2517 σοι
1121 2455 1298 2538 παγήσεται,
1320 2474 1349 2517 ν.
1365 2453 1437 2532 437,
1460 2456 1516 2517 aut
1539 2456 1695 2539 μακαριεῖν

538 2566 590 2655 τας
611 2566 747 2652 χελώνας
769 2567 824 2627 τοῦ
848 2562 1012 2649 δέρματος,
1041 2584 1071 2628 ν.
1094 2565 1167 2643 429,
1197 2570 1329 2649 atquae
1351 2563 1501 2629 eiusmodi
1524 2563 1619 2650 plura
1639 2563 1696 2629 mi·

538 2681 631 2741 natur
663 2696 791 2739 examen
818 2695 928 2739 senum
960 2674 1131 2750 irritatum,
1164 2676 1268 2741 minae
1299 2683 1374 2741 sunt
1405 2681 1437 2741 et
1467 2674 1697 2753 hariolationos,

539 2809 635 2873 quum
669 2786 766 2851 auulsi
799 2785 863 2852 sint
896 2786 1005 2851 obtusi.
1059 2786 1165 2871 Neque
1196 2795 1271 2873 puto
1310 2787 1468 2873 equidem,
1506 2807 1696 2874 quamquam

537 2898 690 2964 Xanthias
711 2897 851 2963 timidius
872 2898 1009 2982 loquitur
1032 2920 1059 2961 v.
1080 2900 1142 2963 427
1167 2903 1208 2972 ὡς
1231 2900 1321 2986 ἔγωῇ
1346 2900 1446 2965 αὐτῶν
1470 2901 1552 2987 ὁρῶν
1576 2901 1697 2966 δέδοικα

538 3014 590 3083 τὰς
618 3012 817 3099 ἐγκεντρίδας·
848 3010 958 3096 hisque
991 3010 1105 3075 aouleis
1138 3010 1224 3077 stilos
1252 3012 1342 3090 istos,
1370 3010 1484 3096 quibus
1511 3010 1633 3077 iudices
1660 3011 1697 3077 ad

537 3125 636 3189 lineas
651 3123 803 3189 ducendas
826 3162 867 3169 —
890 3124 944 3209 τὴν
969 3124 1083 3209 μακρὰν
1106 3128 1238 3187 utuntur
1260 3123 1441 3207 (dequibus
1461 3122 1524 3189 vid
1547 3145 1617 3210 oap.
1632 3124 1698 3209 iv),

538 3236 704 3320 significari
736 3235 933 3321 perspicuum
966 3239 1026 3316 est,
1064 3254 1114 3299 eos
1150 3242 1294 3301 naturam
1330 3236 1506 3313 aculeorum
1541 3234 1699 3315 habuisse,

537 3348 650 3433 quibus
671 3346 752 3411 iaedi
774 3346 947 3432 potuissent
967 3346 1130 3412 choreutae
1150 3346 1314 3430 saltantm,
1337 3347 1391 3413 sed
1412 3348 1542 3413 formam
1563 3354 1698 3422 tantum

538 3459 765 3543 caudarumque
792 3464 1023 3544 praesentarum
1050 3458 1149 3524 instar
1177 3459 1215 3523 ab
1245 3480 1311 3525 osse
1343 3480 1428 3525 sacro
1459 3458 1535 3525 satis
1568 3460 1698 3526 mobiles

537 3570 727 3656 pependisse.

623 3682 675 3745 IV.
718 3681 776 3747 His
810 3680 905 3765 igitur
937 3683 1028 3748 rebus
1061 3682 1145 3747 ohori
1178 3682 1349 3769 vesparum
1381 3682 1519 3748 constitit
1550 3684 1698 3765 vestitum

538 3798 695 3878 praeterea
734 3794 895 3860 choreutae
935 3794 1012 3879 quin
1045 3794 1184 3860 iudicum
1216 3815 1315 3859 mores
1347 3794 1549 3878 habitumque
1571 3796 1698 3861 imitati

413 3970 416 3974 .
537 3904 662 3986 fuerint,
686 3904 790 3971 nullus
805 3906 920 3972 dubito.
957 3907 1021 3972 ista
1034 3906 1131 3989 igitur
1144 3906 1262 3972 ratione
1276 3912 1414 3989 egerunt
1435 3928 1529 3991 quam
1544 3906 1699 3974 Xanthias

538 4039 588 4083 vv.
605 4018 763 4081 88-110
785 4025 898 4098 narrat,
920 4018 1100 4104 praesertim
1114 4040 1145 4084 ν.
1161 4021 1219 4084 94:
1243 4019 1300 4083 ὑπὸ
1323 4023 1378 4083 τοῦ
1402 4019 1435 4083 δὲ
1456 4020 1511 4103 τὴν
1536 4020 1641 4106 ψῆφόν
1664 4022 1695 4106 γ’

478 4119 480 4124 ’
540 4130 620 4217 ἔχειν
643 4130 782 4194 εἰωθέναι
805 4131 876 4201 τοὺς
897 4136 975 4217 τρεῖς
1000 4132 1132 4218 ξυνέχων
1148 4136 1207 4196 τῶν
1225 4130 1379 4195 δακτύλων
1396 4131 1558 4196 ἀνίσταται.
1592 4132 1698 4198 Vnum

537 4242 691 4326 reliquum
714 4247 769 4322 est,
793 4241 865 4306 lieet
886 4264 983 4326 quum
1006 4244 1044 4307 ab
1066 4242 1285 4328 interpretibus
1308 4240 1423 4325 graeois
1446 4248 1515 4307 tum
1536 4245 1698 4309 anostra·

537 4354 620 4419 tibus
650 4353 823 4449 comoediae
851 4354 996 4438 antiquae
1025 4374 1203 4420 conoessum
1231 4354 1286 4436 sit,
1320 4354 1402 4438 quod
1429 4353 1551 4417 demere
1579 4362 1612 4419 ot
1638 4357 1698 4420 Ve-

537 4485 663 4549 sperum
684 4466 775 4531 ohoro
797 4471 828 4531 et
849 4466 973 4531 omnino
988 4466 1127 4552 personis
1141 4464 1374 4552 Aristophausis
1396 4487 1459 4530 non
1481 4465 1698 4534 dubitaverim.

538 4575 619 4642 Sunt
639 4577 733 4661 enim,
755 4585 792 4646 ut
813 4599 906 4669 supra
927 4578 1044 4662 monui,
1066 4577 1121 4666 qui
1143 4577 1285 4645 aoideum
1306 4578 1402 4644 istum
1416 4578 1589 4663 Vesparum
1609 4579 1699 4666 phel-
